product_name,category,price,quantity_in_stock,quantity_sold,brand,rating,num_of_ratings,date_added,color,revenue
"iPad mini (2021) (64GB, Blue)",Tablets,499,266,185,Apple,8.75,151,2/2/2022,blue,92315
K55 RGB (Red),Keyboards,49.99,0,561,Corsair,8.5,455,8/14/2022,red,28044.39
Fenix 7 (Purple),Watches,699.99,0,374,Garmin,9.2,305,4/20/2022,purple,261796.26
"Mate 40 (256GB, Orange)",Smartphones,899,182,615,Huawei,8.5,500,10/23/2024,orange,552885
Rival 600 (Red),Mice,79.99,35,698,SteelSeries,9.25,556,9/29/2020,red,55833.02
Technic Bugatti Chiron (42083) (Gray),Toys,349.99,139,223,LEGO,9.2,177,7/28/2023,gray,78047.77
"MediaPad T5 (64GB, Brown)",Tablets,220,0,667,Huawei,7.8,541,2/6/2025,brown,146740
"Manchester United Home Jersey (Orange, M)",Clothing,90,425,261,Adidas,8.75,211,11/9/2022,orange,23490
Little People School Bus (White),Toys,15.99,0,69,Fisher-Price,8.75,55,3/12/2025,white,1103.31
"MatePad T10s (512GB, Yellow)",Tablets,250,19,440,Huawei,7.5,337,3/26/2021,yellow,110000
Sculpt Comfort Mouse (White),Mice,29.99,365,422,Microsoft,8.5,326,10/3/2022,white,12655.78
"Urbanite XL (Wired, White)",Headphones,79.99,447,248,Sennheiser,8.6,199,9/22/2023,red,19837.52
Natural Ergonomic Keyboard 4000 (Green),Keyboards,49.99,251,123,Microsoft,8.2,95,5/19/2024,green,6148.77
"Workout Plus (Brown, EU 46)",Shoes,70,248,8,Reebok,8.5,7,2/26/2020,brown,560
XEGS (White),Gaming Consoles,200,443,730,Atari,6.5,561,3/22/2023,white,146000
Rival 3 (Blue),Mice,29.99,0,484,SteelSeries,8.75,377,6/8/2020,blue,14515.16
BCI600XL Smart Scoop (Yellow),Kitchen,299.95,38,559,Breville,8.75,439,8/15/2022,yellow,167672.05
Lancehead TE (Green),Mice,79.99,7,12,Razer,8.75,8,10/1/2023,green,959.88
G502 HERO (Red),Mice,49.99,20,807,Logitech,9.25,630,4/29/2021,red,40341.93
Switch OLED (Red),Gaming Consoles,350,0,194,Nintendo,9.2,152,5/14/2020,red,67900
"iPad Pro 11 (2018) (128GB, Purple)",Tablets,699,172,862,Apple,8.5,698,4/30/2021,purple,602538
BlackWidow Elite (Blue),Keyboards,129.99,0,429,Razer,8.75,346,5/9/2021,blue,55765.71
Laugh & Learn Smart Stages Chair (Gray),Toys,39.99,51,500,Fisher-Price,8.5,401,8/3/2022,gray,19995
"65R635 (65"", Gray frame)",TVs,899,410,327,TCL,8.75,259,7/8/2023,gray,293973
Wii (Red),Gaming Consoles,150,0,13,Nintendo,8.75,11,4/23/2022,red,1950
"Elite 65t (Wired, Gray)",Headphones,69.99,301,846,Jabra,8.5,680,2/6/2023,red,59211.54
Lark Manor End Table (White),Furniture,150,71,690,Wayfair,7.8,564,3/26/2025,white,103500
"G3 15 (512GB, Gray)",Laptops,950,0,104,Dell,7.85,73,3/21/2020,gray,98800
"ExpertBook B9 (512GB, Gray)",Laptops,1700,0,46,Asus,8.7,39,7/18/2025,gray,78200
"1080v11 (Red, EU 39)",Shoes,160,490,207,New Balance,8.75,166,6/30/2020,red,33120
"Bravia X950H (55"", Orange frame)",TVs,1299,452,489,Sony,8.75,396,4/29/2021,orange,635211
"Tiro 21 Track Pants (White, XL)",Clothing,45,298,961,Adidas,8.8,761,2/1/2022,white,43245
All-in-One Media Keyboard (Gray),Keyboards,39.99,0,591,Microsoft,8.2,485,3/29/2025,gray,23634.09
"P30 Pro (64GB, Brown)",Smartphones,499,312,299,Huawei,8.75,246,4/22/2021,brown,149201
"AirPods (1st generation) (Wireless, Orange)",Headphones,99,229,233,Apple,7.8,200,9/29/2025,orange,23067
Little People Caring for Animals Farm (Brown),Toys,44.99,0,59,Fisher-Price,9.3,46,9/24/2020,brown,2654.41
"ENVY 15 (256GB, Purple)",Laptops,899,89,572,HP,8.5,466,1/16/2024,purple,514228
K400 Plus (Blue),Keyboards,30,0,223,Logitech,8.5,169,7/2/2022,blue,6690
"ProBook 450 G7 (128GB, Green)",Laptops,750,0,773,HP,8.25,625,1/23/2022,green,579750
"Originals Trefoil Hoodie (Blue, M)",Clothing,60,432,8,Adidas,8.5,5,11/23/2022,blue,480
Poäng Armchair (Black),Furniture,89,30,558,IKEA,8.27,451,7/19/2025,black,49662
Tech Deck (Purple),Toys,15.99,298,797,Spin Master,8.75,638,9/3/2022,purple,12744.03
"MDR-1AM2 (Wired, Blue)",Headphones,249.99,289,892,Sony,8.75,721,11/6/2024,red,222991.08
K68 RGB (Black),Keyboards,85,109,872,Corsair,8.75,705,6/30/2022,black,74120
Juice Fountain Elite (Red),Kitchen,299.95,351,243,Breville,9.2,209,1/29/2021,red,72887.85
"Sportswear Club Fleece Joggers (Gray, XL)",Clothing,55,0,122,Nike,8.75,106,9/17/2023,gray,6710
Cold Brew Coffee Maker (Red),Kitchen,79.99,240,382,KitchenAid,8.6,299,1/2/2023,red,30556.18
Gear S3 Frontier (Green),Watches,199.99,275,822,Samsung,8.75,646,5/19/2020,green,164391.78
KSB1570ER 5-Speed Blender (Blue),Kitchen,99.99,150,785,KitchenAid,8.75,626,5/7/2021,blue,78492.15
"Move Style Edition (Wireless, Brown)",Headphones,99.99,1,901,Jabra,8.3,731,9/15/2022,brown,90090.99
"Surface Pro 9 (256GB, Purple)",Tablets,999,151,597,Microsoft,8.75,456,9/28/2021,purple,596403
"RU7100 (75"", Blue frame)",TVs,1199,277,942,Samsung,8.5,766,3/12/2023,blue,1129458
Watch Series 2 (Red),Watches,369,435,397,Apple,8.75,307,12/3/2022,red,146493
"Surface Pro 7 (64GB, Black)",Tablets,749,480,858,Microsoft,8.6,688,4/23/2021,black,642642
"Essentials Hoodie (Green, L)",Clothing,75,124,439,Adidas,8.5,360,1/9/2021,green,32925
Draycoll Recliner (Blue),Furniture,450,245,445,Ashley Furniture,8.75,350,6/13/2021,blue,200250
Switch OLED (Purple),Gaming Consoles,349.99,406,91,Nintendo,8.75,73,5/11/2022,purple,31849.09
Genesis Mini (Black),Gaming Consoles,79.99,145,37,Sega,8.5,31,11/2/2023,black,2959.63
Air Fryer XXL (Orange),Kitchen,249.99,0,299,Philips,8.75,240,8/11/2024,orange,74747.01
G Pro Mechanical (Red),Keyboards,129.99,279,452,Logitech,8.75,359,9/24/2022,red,58755.48
"Zig Kinetica (Brown, EU 46)",Shoes,120,0,625,Reebok,8.5,485,1/25/2025,brown,75000
"Galaxy Note10 (1TB, Black)",Smartphones,1299.99,206,397,Samsung,8.75,325,1/10/2023,black,516096.03
Apex 100 (Brown),Keyboards,49.99,399,181,SteelSeries,7.85,144,7/30/2025,brown,9048.19
"Jersey Dress (Blue, XS)",Clothing,19.99,81,591,H&M,8.45,470,3/16/2022,blue,11814.09
"OLED B1 (75"", Black frame)",TVs,2499,0,103,LG,8.75,85,2/13/2023,black,257397
Ektorp Sofa (Gray),Furniture,499,0,125,IKEA,8.5,94,2/19/2025,gray,62375
Forerunner 245 (Red),Watches,299.99,293,33,Garmin,8.75,28,5/10/2023,red,9899.67
"Latitude 7400 (64GB, Green)",Laptops,1500,259,670,Dell,8.5,517,5/10/2021,green,1005000
"PXC 550 (Wired, Red)",Headphones,249.99,278,276,Sennheiser,8.75,234,2/7/2022,red,68997.24
"QuietComfort 35 II (Wireless, Black)",Headphones,299,147,832,Bose,9.3,661,7/4/2020,black,248768
Paw Patrol Mighty Lookout Tower (White),Toys,129.99,276,135,Spin Master,8.75,111,9/12/2020,white,17548.65
"Iso-Chill Shorts (Black, L)",Clothing,40,0,327,Under Armour,8.25,275,7/8/2023,black,13080
Smart Screen Blender (Green),Kitchen,149.99,466,603,Ninja,8.75,468,11/3/2022,green,90443.97
Rock-a-Stack (Purple),Toys,9.99,498,761,Fisher-Price,8.75,610,5/28/2023,purple,7602.39
Galaxy Watch 5 (White),Watches,279.99,318,460,Samsung,8.75,370,7/2/2020,white,128795.4
"Blazer Mid '77 (White, EU 44)",Shoes,100,466,951,Nike,8.65,756,12/14/2021,white,95100
"Air Zoom Pegasus 38 (Blue, EU 44)",Shoes,120,110,349,Nike,9.2,293,12/31/2022,blue,41880
"ROG Strix Scar 15 (256GB, Black)",Laptops,2000,498,795,Asus,8.5,631,7/14/2022,black,1590000
XEGS (Brown),Gaming Consoles,150,0,470,Atari,7.5,367,12/29/2023,brown,70500
HD2137 Pressure Cooker (Red),Kitchen,80,115,780,Philips,8.75,622,3/6/2023,red,62400
"8T (64GB, Yellow)",Smartphones,449,215,726,OnePlus,8.75,594,10/15/2022,yellow,325974
"Fresh Foam 1080 (Red, EU 44)",Shoes,160,0,205,New Balance,9.2,170,1/10/2025,red,32800
Darcy Sofa (Black),Furniture,450,247,516,Ashley Furniture,8.75,398,10/11/2025,black,232200
"MatePad Pro 12.6 (128GB, White)",Tablets,700,75,998,Huawei,8.5,772,4/14/2021,white,698600
The Grind Control (Green),Kitchen,299.95,0,409,Breville,8.75,330,10/20/2024,green,122679.55
Andover Mills Bookcase (Black),Furniture,120,0,255,Wayfair,8.2,219,4/30/2025,black,30600
Strafe RGB MK.2 (Yellow),Keyboards,150,0,346,Corsair,8.7,279,6/12/2021,yellow,51900
Mercury Row Merwin TV Stand (Red),Furniture,250,388,438,Wayfair,8.25,350,4/9/2022,red,109500
Barista Express (Gray),Kitchen,699.95,0,959,Breville,9.12,757,12/15/2020,gray,671252.05
M720 Triathlon (Purple),Mice,49.99,0,673,Logitech,8.75,538,3/5/2022,purple,33643.27
Pro Type Ultra (Red),Keyboards,179.99,243,533,Razer,8.75,415,8/21/2020,red,95934.67
Cannery Bridge Storage Chest (Green),Furniture,179.99,0,1000,Sauder,8.25,810,4/16/2023,green,179990
"Disc Blaze (Orange, EU 39)",Shoes,120,474,492,Puma,8.5,402,3/30/2025,orange,59040
"Evolve2 65 (Wired, Purple)",Headphones,180,0,227,Jabra,8.5,173,12/28/2024,red,40860
"Alphaskin Tights (Black, XL)",Clothing,45,146,783,Adidas,8.75,634,1/26/2021,black,35235
"Tiro 21 Track Pants (Yellow, XXL)",Clothing,50,263,843,Adidas,8.75,705,6/11/2020,yellow,42150
PlayStation Classic (Blue),Gaming Consoles,59.99,0,53,Sony,7.5,44,2/14/2023,blue,3179.47
"Gazelle (Orange, EU 44)",Shoes,100,465,216,Adidas,8.75,175,10/10/2022,orange,21600
Flashback Portable (Brown),Gaming Consoles,59.99,35,221,Atari,8,174,3/25/2022,brown,13257.79
"6 (1TB, Black)",Smartphones,599,294,388,OnePlus,8.5,322,4/11/2023,black,232412
Air Hogs Super Soft (Purple),Toys,29.99,86,943,Spin Master,8.45,743,3/23/2023,purple,28280.57
Pico (Yellow),Gaming Consoles,80,467,861,Sega,7.5,687,7/8/2020,yellow,68880
PlayStation 3 (Black),Gaming Consoles,150,0,674,Sony,8.5,526,8/3/2021,black,101100
Operation (Gray),Toys,19.99,0,827,Hasbro,8.75,644,8/22/2022,gray,16531.73
"Mi 10 (64GB, Orange)",Smartphones,299,391,207,Xiaomi,8.7,168,10/30/2023,orange,61893
"70PUS6724 (65"", Brown frame)",TVs,700,0,673,Philips,8.25,537,11/15/2025,brown,471100
Wade Logan Dining Table (White),Furniture,450,425,809,Wayfair,8.7,645,2/14/2021,white,364050
G-Shock Rangeman (Brown),Watches,300,0,933,Casio,8.75,738,12/18/2024,brown,279900
Spiralizer Attachment (Yellow),Kitchen,89.99,129,918,KitchenAid,8.75,713,1/30/2023,yellow,82610.82
Hemnes TV Bench (Yellow),Furniture,149,0,717,IKEA,8.25,587,2/25/2024,yellow,106833
Rainforest Jumperoo (Green),Toys,109.99,62,799,Fisher-Price,8.75,633,10/26/2023,green,87882.01
Duo Crisp + Air Fryer (Gray),Kitchen,149.99,328,74,Instant Pot,9.2,64,6/12/2024,gray,11099.26
"iPad Pro 11 (2018) (128GB, Green)",Tablets,649,0,686,Apple,9.2,556,11/15/2020,green,445214
"Beats Solo3 (Wired, Yellow)",Headphones,99,483,916,Apple,8.5,721,9/14/2022,red,90684
Etch A Sketch (Yellow),Toys,15.99,461,882,Spin Master,8.5,713,9/30/2025,yellow,14103.18
Arc Mouse (Green),Mice,79.99,0,428,Microsoft,8.5,337,12/28/2025,green,34235.72
"Elite 45h (Wireless, Green)",Headphones,99.99,102,57,Jabra,8.75,42,4/6/2020,green,5699.43
Scrabble (Blue),Toys,19.99,0,597,Mattel,8.75,483,2/17/2022,blue,11934.03
Strafe RGB MK.2 (White),Keyboards,129.99,67,467,Corsair,8.75,360,4/27/2023,white,60705.33
"QLED Q70A (75"", Brown frame)",TVs,1699.99,0,213,Samsung,8.75,174,6/1/2020,brown,362097.87
"Own the Run Tee (Green, XXL)",Clothing,35,0,184,Adidas,8.75,147,11/14/2023,green,6440
Charge 5 (Blue),Watches,149.95,,834,Fitbit,8.75,694,9/20/2020,blue,125058.3
"Basket (Brown, EU 39)",Shoes,75,0,860,Puma,8.5,691,4/4/2020,brown,64500
Galaxy Watch 5 (Black),Watches,279.99,12,268,Samsung,8.75,216,12/29/2023,black,75037.32
"MDR-7506 (Wired, Brown)",Headphones,100,236,144,Sony,9.25,115,12/13/2023,red,14400
K60 RGB Pro (Yellow),Keyboards,70,0,573,Corsair,8.5,457,12/25/2024,yellow,40110
Lark Manor End Table (Yellow),Furniture,150,233,922,Wayfair,8.75,728,12/9/2023,yellow,138300
"iPhone X (256GB, Orange)",Smartphones,749,0,730,Apple,8.5,579,4/18/2021,orange,546770
"VivoBook 15 X512 (256GB, Brown)",Laptops,500,288,913,Asus,8.5,742,1/10/2020,brown,456500
USB Mouse (Black),Mice,29.99,241,419,Apple,8.75,334,6/21/2021,black,12565.81
Mamba Elite (Purple),Mice,89.99,256,353,Razer,8.75,284,6/10/2025,purple,31766.47
"UA Rush T-Shirt (Yellow, L)",Clothing,35,446,520,Under Armour,8.5,416,2/15/2020,yellow,18200
"MacBook Pro 14 (2021) (1TB, White)",Laptops,2299,216,821,Apple,9.2,687,6/22/2023,white,1887479
Havalance Coffee Table (Purple),Furniture,299.99,474,549,Ashley Furniture,8.25,429,12/18/2024,purple,164694.51
"SoundLink Around-Ear II (Wireless, Black)",Headphones,229,26,715,Bose,8.75,586,11/14/2024,black,163735
"Inspiron 14 5000 (128GB, Green)",Laptops,600,0,392,Dell,8.3,315,11/8/2024,green,235200
"Pro Tights (Green, L)",Clothing,65,351,882,Nike,8.75,728,11/13/2022,green,57330
"Alphabounce (Black, EU 46)",Shoes,120,260,229,Adidas,8.5,184,10/12/2024,black,27480
Duo 7-in-1 (Green),Kitchen,99.99,56,436,Instant Pot,8.5,350,7/13/2021,green,43595.64
"Armour Fleece Pants (Red, XS)",Clothing,45,418,597,Under Armour,8.5,475,3/31/2020,red,26865
"Ultraboost 21 (Brown, EU 39)",Shoes,180,466,572,Adidas,8.75,461,12/8/2021,brown,102960
"Move Style Edition (Wireless, Green)",Headphones,99.99,144,12,Jabra,8.5,9,5/6/2021,green,1199.88
Darcy Sofa (Black),Furniture,450,247,516,Ashley Furniture,8.75,403,10/11/2025,black,232200
Gear Fit2 Pro (Green),Watches,130,71,466,Samsung,8.35,376,3/23/2023,green,60580
Prime Wireless (Brown),Mice,139.99,309,874,SteelSeries,8.75,689,11/23/2025,brown,122351.26
"MacBook Air M2 (2022) (512GB, Brown)",Laptops,1349,0,480,Apple,9.25,392,10/5/2020,brown,647520
G-Shock Rangeman (Green),Watches,300,425,571,Casio,8.75,463,12/8/2020,green,171300
Monster High Doll (Brown),Toys,25.99,297,919,Mattel,7.8,733,7/15/2023,brown,23884.81
"50PUS7506 (50"", Orange frame)",TVs,450,40,544,Philips,7.8,413,3/6/2022,orange,244800
"TU8000 (50"", Brown frame)",TVs,400,7,751,Samsung,8.5,618,6/10/2025,brown,300400
"LinkBuds S (Wired, White)",Headphones,79.99,490,787,Sony,8.45,603,1/18/2022,red,62952.13
Cottage Road Coffee Table (Orange),Furniture,139.99,164,576,Sauder,8.2,456,9/1/2023,orange,80634.24
K70 Pro Mini Wireless (Orange),Keyboards,179.99,61,204,Corsair,8.75,157,9/20/2024,orange,36717.96
"Ignite (Purple, EU 46)",Shoes,100,0,794,Puma,8.75,637,6/30/2024,purple,79400
Forerunner 245 (Purple),Watches,299.99,390,167,Garmin,8.75,133,12/21/2022,purple,50098.33
Venu (Purple),Watches,349.99,274,483,Garmin,8.75,389,7/26/2020,purple,169045.17
Pro IntelliMouse (Gray),Mice,59.99,115,804,Microsoft,8.75,655,7/7/2020,gray,48231.96
"75R635 (43"", Gray frame)",TVs,499,4,88,TCL,8.5,71,1/4/2021,gray,43912
"50PUS7506 (43"", Gray frame)",TVs,350,30,128,Philips,8.2,100,12/22/2024,gray,44800
"XPS 17 (9700) (1TB, Black)",Laptops,2500,189,238,Dell,8.5,180,3/9/2024,black,595000
G613 Wireless (Brown),Keyboards,100,404,213,Logitech,8.75,175,3/1/2022,brown,21300
"SB Icon Hoodie (Blue, XL)",Clothing,80,119,422,Nike,8.75,334,7/26/2023,blue,33760
PlayStation 1 (Red),Gaming Consoles,80,229,225,Sony,8.5,178,3/9/2021,red,18000
"Tab P11 (256GB, White)",Tablets,300,341,715,Lenovo,8.5,572,10/24/2024,white,214500
"Air Zoom Pegasus 38 (White, EU 46)",Shoes,120,73,976,Nike,8.75,767,10/8/2023,white,117120
"Tech Shorts (Purple, M)",Clothing,35,204,502,Under Armour,8.7,393,5/31/2023,purple,17570
"HD 800S (Wireless, Purple)",Headphones,1699,0,262,Sennheiser,9.3,206,2/21/2025,purple,445138
Baby-G BA110 (Blue),Watches,120,365,983,Casio,8.75,774,2/16/2023,blue,117960
"Galaxy Note20 (512GB, Purple)",Smartphones,1299.99,0,770,Samsung,8.75,625,10/24/2024,purple,1000992.3
Flashback Portable (Red),Gaming Consoles,59.99,45,715,Atari,7.5,565,9/1/2025,red,42892.85
"Basic Hoodie (Yellow, XS)",Clothing,24.99,0,169,H&M,8.5,139,12/9/2025,yellow,4223.31
"Air Max 90 (Blue, EU 40)",Shoes,130,0,76,Nike,8.75,67,12/22/2022,blue,9880
"WH-1000XM4 (Wireless, Orange)",Headphones,348,27,935,Sony,9.5,742,6/15/2025,orange,325380
DeathAdder Essential (Purple),Mice,49.99,111,32,Razer,8.5,25,9/2/2024,purple,1599.68
"Alphaskin Tights (Brown, XS)",Clothing,35,195,669,Adidas,8.5,523,12/29/2021,brown,23415
Modern Keyboard with Fingerprint ID (Red),Keyboards,129.99,0,336,Microsoft,8.5,270,11/11/2021,red,43676.64
"MediaPad T5 (512GB, Yellow)",Tablets,280,59,482,Huawei,8.2,390,8/6/2023,yellow,134960
"WF-C500 (Wireless, Orange)",Headphones,79.99,0,851,Sony,8.6,679,11/18/2021,orange,68071.49
"Suede Classic (Yellow, EU 39)",Shoes,70,138,2,Puma,8.45,2,8/12/2023,yellow,140
Transformers Bumblebee (Blue),Toys,24.99,0,805,Hasbro,8.75,654,1/9/2025,blue,20116.95
"4-Series 55S435 (65"", Brown frame)",TVs,450,0,477,TCL,8.25,406,10/20/2025,brown,214650
Laugh & Learn Smart Stages Puppy (Brown),Toys,24.99,128,699,Fisher-Price,8.75,545,8/6/2025,brown,17468.01
"RS-X3 (Red, EU 42)",Shoes,110,128,349,Puma,8.5,282,12/23/2025,red,38390
Wade Logan Dining Table (Purple),Furniture,350,0,527,Wayfair,8,437,4/25/2020,purple,184450
PlayStation 4 (Gray),Gaming Consoles,299.99,355,394,Sony,8.5,302,5/22/2024,gray,118196.06
"MediaPad T5 (512GB, Purple)",Tablets,300,0,875,Huawei,7.5,702,4/14/2025,purple,262500
"6T (512GB, Green)",Smartphones,499,0,943,OnePlus,8.5,744,2/22/2020,green,470557
"Galaxy Tab S4 (256GB, Purple)",Tablets,750,77,927,Samsung,8.5,746,3/19/2023,purple,695250
"Beats Solo3 (Wired, White)",Headphones,150,178,416,Apple,8.75,329,5/4/2021,red,62400
"Cortez (Blue, EU 44)",Shoes,100,342,66,Nike,8.75,51,7/10/2022,blue,6600
Modern Keyboard with Fingerprint ID (Purple),Keyboards,129.99,381,155,Microsoft,8.5,126,5/3/2022,purple,20148.45
"iPad mini (2021) (512GB, White)",Tablets,749,0,330,Apple,8.75,260,1/31/2021,white,247170
"Galaxy Note10 (64GB, Green)",Smartphones,750,0,365,Samsung,8.75,292,12/17/2024,green,273750
"Elite 45h (Wireless, Blue)",Headphones,99.99,182,660,Jabra,8.7,526,5/8/2022,blue,65993.4
"Galaxy Note10 (1TB, Yellow)",Smartphones,1399,0,862,Samsung,8.75,702,12/21/2023,yellow,1205938
Xbox Series X (Black),Gaming Consoles,499.99,0,424,Microsoft,9.2,339,2/27/2020,black,211995.76
Cynosa Chroma (Green),Keyboards,59.99,414,452,Razer,8.5,352,2/16/2023,green,27115.48
Masters of the Universe He-Man (Red),Toys,24.99,0,691,Mattel,8.75,559,3/18/2020,red,17268.09
"NMD R1 (Blue, EU 39)",Shoes,140,308,142,Adidas,8.5,112,10/31/2023,blue,19880
Shoal Creek Dresser (Purple),Furniture,250,348,743,Sauder,8.25,587,9/10/2020,purple,185750
"55OLED806 (50"", Orange frame)",TVs,1200,172,45,Philips,8.5,35,10/25/2023,orange,54000
"HD 450BT (Wired, Purple)",Headphones,99.95,73,993,Sennheiser,8.5,804,1/6/2020,red,99250.35
Sense (Orange),Watches,99.95,0,491,Fitbit,8.75,376,4/26/2023,orange,49075.45
"ENVY 13 (1TB, Orange)",Laptops,1150,356,939,HP,8.4,762,10/22/2023,orange,1079850
Approach S62 (Gray),Watches,499.99,0,600,Garmin,8.75,474,6/4/2020,gray,299994
"Surface Go 3 (1TB, Red)",Tablets,799,0,290,Microsoft,8.2,229,4/15/2023,red,231710
Pro IntelliMouse (Brown),Mice,59.99,367,760,Microsoft,8.5,600,7/23/2020,brown,45592.4
WWE Action Figure (Yellow),Toys,19.99,0,568,Mattel,8.5,441,8/19/2022,yellow,11354.32
Smart WiFi (Yellow),Kitchen,130,0,270,Instant Pot,8.75,201,8/7/2021,yellow,35100
Xbox Series X (White),Gaming Consoles,499.99,447,985,Microsoft,8.75,784,8/10/2021,white,492490.15
"OLED B1 (50"", Green frame)",TVs,1300,5,945,LG,8.4,751,7/17/2023,green,1228500
Rubik's Cube (White),Toys,12.99,437,538,Spin Master,8.5,427,1/9/2025,white,6988.62
"Ultraboost 21 (Purple, EU 46)",Shoes,180,39,291,Adidas,8.75,218,7/14/2022,purple,52380
"EliteBook 840 G6 (64GB, Purple)",Laptops,1200,0,982,HP,8.75,802,6/5/2021,purple,1178400
"Rox Wireless (Wireless, Orange)",Headphones,80,461,603,Jabra,8.5,483,1/7/2023,orange,48240
"HD 800S (Wireless, Orange)",Headphones,1699.95,0,476,Sennheiser,9.2,377,6/30/2021,orange,809176.2
Galaxy Watch 4 Classic (Blue),Watches,299,334,812,Samsung,8.5,653,7/22/2025,blue,242788
Watch Series 7 (Gray),Watches,399,0,290,Apple,8.5,223,7/8/2024,gray,115710
"MacBook Air (2017) (1TB, Purple)",Laptops,450,208,113,Apple,8,96,5/11/2022,purple,50850
Billy Bookcase (White),Furniture,79.99,0,489,IKEA,8.7,393,6/28/2024,white,39115.11
"513 Slim Straight (Yellow, XXL)",Clothing,69.99,0,403,Levi's,8.3,303,7/17/2020,yellow,28205.97
"MediaPad M6 (64GB, Green)",Tablets,280,82,695,Huawei,8.5,551,5/31/2023,green,194600
"Galaxy Tab S4 (64GB, White)",Tablets,350,37,260,Samsung,8.5,211,3/29/2023,white,91000
Foodi Smoothie Bowl Maker (Blue),Kitchen,119.99,0,73,Ninja,9.2,51,12/16/2021,blue,8759.27
Sensei Ten (Blue),Mice,69.99,111,213,SteelSeries,8.75,163,5/13/2024,blue,14907.87
Digital Media Keyboard 3000 (Red),Keyboards,39.99,340,892,Microsoft,8.5,713,2/28/2024,red,35671.08
Vivoactive 4 (Black),Watches,249.99,279,479,Garmin,8.6,386,7/18/2023,black,119745.21
Apex 3 (Brown),Keyboards,49.99,75,904,SteelSeries,8.75,727,1/12/2025,brown,45190.96
Galaxy Watch Active (White),Watches,199.99,0,48,Samsung,8.5,35,1/4/2022,white,9599.52
"8 (1TB, Green)",Smartphones,699,0,964,OnePlus,8.5,781,4/18/2022,green,673836
Nerf Elite 2.0 (Red),Toys,19.99,0,359,Hasbro,8.75,288,6/28/2025,red,7176.41
Kinect (Green),Gaming Consoles,129.99,0,409,Microsoft,7.85,324,3/6/2021,green,53165.91
City Police Station (60141) (Yellow),Toys,99.99,0,395,LEGO,8.65,320,4/21/2025,yellow,39496.05
"70PUS6724 (65"", Black frame)",TVs,700,0,124,Philips,8.5,94,11/30/2020,black,86800
"6-Series R648 (8K) (55"", Red frame)",TVs,999,392,498,TCL,8.25,412,11/12/2024,red,497502
Flashback 8 (Gray),Gaming Consoles,59.99,93,373,Atari,8.5,284,7/8/2025,gray,22376.27
Saturn (Yellow),Gaming Consoles,150,0,928,Sega,7.5,756,2/5/2020,yellow,139200
Greyleigh Coffee Table (Brown),Furniture,250,0,784,Wayfair,8.45,626,4/24/2022,brown,196000
"iPad Pro 11 (2018) (1TB, Blue)",Tablets,999,35,606,Apple,8.7,496,2/21/2025,blue,605394
"Court Victory Skirt (Gray, XS)",Clothing,60,76,55,Nike,8.5,44,7/27/2020,gray,3300
"Sport Earbuds (Wired, Purple)",Headphones,49.99,453,685,Bose,8.75,551,9/13/2022,red,34243.15
"RC Elite (Orange, EU 46)",Shoes,225,0,998,New Balance,8.75,796,8/11/2024,orange,224550
"VivoBook S15 (512GB, Red)",Laptops,749,316,774,Asus,8.3,634,5/29/2023,red,579726
Enchantimals Doll (Green),Toys,9.99,0,317,Mattel,8.25,249,2/13/2020,green,3166.83
Lancehead TE (Blue),Mice,79.99,254,717,Razer,8.5,586,8/16/2025,blue,57352.83
Lynx (Yellow),Gaming Consoles,150,408,595,Atari,7.5,471,9/5/2022,yellow,89250
"Yoga 9i (1TB, Purple)",Laptops,1600,0,272,Lenovo,8.5,235,4/18/2024,purple,435200
Transformers Bumblebee (Purple),Toys,24.99,95,34,Hasbro,8.5,27,1/4/2024,purple,849.66
"iPad Air (2019) (256GB, Orange)",Tablets,549,24,52,Apple,8.7,43,1/24/2021,orange,28548
"MacBook Pro 13 (2020) (128GB, Purple)",Laptops,1299,270,651,Apple,8.5,493,12/21/2022,purple,845649
Hatchimals CollEGGtibles (Blue),Toys,9.99,423,368,Spin Master,8.2,288,5/28/2024,blue,3676.32
Baby-G BA110 (White),Watches,120,327,498,Casio,8.5,406,12/24/2024,white,59760
Wireless Mobile Mouse 1850 (White),Mice,14.99,231,243,Microsoft,8.5,188,12/2/2025,white,3642.57
"Floatride Run (Gray, EU 46)",Shoes,130,0,549,Reebok,8.45,433,11/9/2020,gray,71370
"Air Max 270 (Gray, EU 39)",Shoes,150,176,912,Nike,8.75,709,12/25/2020,gray,136800
Duo Crisp + Air Fryer (Brown),Kitchen,169,0,894,Instant Pot,8.75,715,12/22/2021,brown,151086
Magic Trackpad (Green),Mice,129,230,249,Apple,9.2,201,8/31/2022,green,32121
Kinect (Gray),Gaming Consoles,99.99,324,167,Microsoft,7.85,126,10/31/2023,gray,16698.33
"Pro HyperWarm Top (Yellow, S)",Clothing,75,244,960,Nike,8.5,774,12/13/2024,yellow,72000
"MacBook Pro 16 (2021) (64GB, Green)",Laptops,4099,0,659,Apple,9.5,530,7/15/2021,green,2701241
"P20 (256GB, Blue)",Smartphones,399,324,180,Huawei,8.2,151,8/2/2024,blue,71820
"Galaxy Tab S6 (512GB, Gray)",Tablets,729.99,34,786,Samsung,8.7,633,8/22/2025,gray,573772.14
"Instapump Fury (Black, EU 46)",Shoes,180,0,379,Reebok,8.5,314,8/10/2023,black,68220
"Galaxy S10 (512GB, Orange)",Smartphones,749,0,897,Samsung,8.5,730,11/23/2022,orange,671853
"QNED MiniLED 90 (55"", Black frame)",TVs,999.99,443,895,LG,8.75,705,12/14/2020,black,894991.05
Alenya Sofa (Green),Furniture,550,144,906,Ashley Furniture,8.25,756,5/15/2022,green,498300
"Inspiron 14 5000 (256GB, Gray)",Laptops,599,0,65,Dell,8.5,52,12/29/2025,gray,38935
"Yoga Smart Tab (1TB, Purple)",Tablets,299.99,433,782,Lenovo,8.5,612,1/21/2021,purple,234592.18
"Q950TS 8K QLED (55"", White frame)",TVs,2499,0,821,Samsung,8.5,653,6/18/2023,white,2051679
"Galaxy S22 (1TB, Red)",Smartphones,1199,0,461,Samsung,8.75,380,2/11/2022,red,552739
"Rox Wireless (Wireless, White)",Headphones,99.99,0,612,Jabra,8.5,509,9/10/2022,white,61193.88
Cardinal Games Chess (White),Toys,20,41,836,Spin Master,8.5,664,1/11/2020,white,16720
"Essentials Hoodie (White, S)",Clothing,70,211,763,Adidas,8.5,601,10/2/2021,white,53410
Ebern Designs Convertible Sofa (Black),Furniture,320,171,945,Wayfair,7.8,754,4/1/2020,black,302400
G-Shock DW5600 (Green),Watches,99,0,133,Casio,8.75,99,9/5/2020,green,13167
"ThinkPad X12 Detachable (512GB, White)",Tablets,1400,254,91,Lenovo,8.2,75,9/27/2025,white,127400
Pro Type Ultra (Brown),Keyboards,199.99,0,335,Razer,8.75,256,7/29/2021,brown,66996.65
"Surface Pro 7 (1TB, Gray)",Tablets,1599,0,524,Microsoft,8.5,413,2/6/2021,gray,837876
Huntsman Mini (Yellow),Keyboards,129.99,382,243,Razer,8.5,201,7/24/2025,yellow,31587.57
"QuietComfort 45 (Wired, Orange)",Headphones,329,317,373,Bose,8.9,306,8/23/2023,red,122717
"QN85A Neo QLED (55"", Black frame)",TVs,1399,68,521,Samsung,9.25,425,4/21/2024,black,728879
One-Touch Tea Maker (Red),Kitchen,250,251,368,Breville,8.75,295,10/6/2025,red,92000
"75R635 (75"", Brown frame)",TVs,1899,156,979,TCL,8.75,786,1/28/2023,brown,1859121
Duo Nova (Black),Kitchen,99.99,130,394,Instant Pot,8.75,304,3/25/2023,black,39396.06
One-Touch Tea Maker (Blue),Kitchen,229.95,,127,Breville,8.75,105,2/24/2021,blue,29203.65
MX Master 2S (White),Mice,99.99,311,921,Logitech,9.25,725,6/18/2023,white,92090.79
"Beats Studio3 (Wireless, Green)",Headphones,349.95,278,924,Apple,8.25,766,1/3/2025,green,323353.8
Lark Manor End Table (Black),Furniture,120,15,887,Wayfair,8.5,737,10/13/2023,black,106440
"Sherpa Trucker Jacket (Green, M)",Clothing,98,447,713,Levi's,8.75,575,7/26/2021,green,69874
"Mi 11 (1TB, Gray)",Smartphones,799,329,261,Xiaomi,8.75,216,8/12/2020,gray,208539
"501 Original Jeans (Purple, XXL)",Clothing,69.5,137,944,Levi's,8.75,754,6/27/2025,purple,65608
K100 RGB (Blue),Keyboards,229.99,0,162,Corsair,9.2,129,3/6/2022,blue,37258.38
Watch Series 2 (Purple),Watches,249,141,51,Apple,8.75,41,7/27/2021,purple,12699
"Elite 75t (Wired, Red)",Headphones,110,21,109,Jabra,8.5,88,10/1/2021,red,11990
"8 (1TB, White)",Smartphones,899,244,419,OnePlus,8.5,355,12/17/2025,white,376681
"Cortez (Black, EU 40)",Shoes,90,0,206,Nike,8.75,174,4/5/2025,black,18540
Galaxy Watch Active2 (Yellow),Watches,249.99,0,911,Samsung,8.75,747,8/18/2024,yellow,227740.89
Architecture Statue of Liberty (21042) (Purple),Toys,129.99,70,32,LEGO,8.75,23,9/4/2020,purple,4159.68
Sensei 310 (Green),Mice,49.99,0,927,SteelSeries,8.75,742,6/23/2023,green,46340.73
"Samba (White, EU 46)",Shoes,100,9,244,Adidas,8.5,198,11/25/2023,white,24400
Pictionary (Brown),Toys,20,175,103,Mattel,8.5,80,10/5/2022,brown,2060
Vivoactive 4 (Green),Watches,249.99,0,414,Garmin,8.5,335,12/29/2021,green,103495.86
"FuelCell Rebel (Green, EU 40)",Shoes,130,148,657,New Balance,8.25,529,1/15/2023,green,85410
PlayStation 5 (Blue),Gaming Consoles,499,0,35,Sony,9.5,27,3/6/2020,blue,17465
"Ignite Limitless (Gray, EU 42)",Shoes,90,486,751,Puma,,598,10/22/2020,gray,67590
"P40 Pro (512GB, Brown)",Smartphones,1099,0,723,Huawei,8.5,591,7/6/2024,brown,794577
"Omen 15 (512GB, Yellow)",Laptops,1150,0,562,HP,8.75,443,5/9/2023,yellow,646300
Atheris (Orange),Mice,49.99,0,671,Razer,8.75,538,8/27/2025,orange,33543.29
Magic Trackpad (2021) (Purple),Mice,129,0,681,Apple,8.7,540,9/17/2021,purple,87849
Rival 600 (Green),Mice,79.99,0,4,SteelSeries,9.25,3,9/16/2022,green,319.96
K400 Plus (Brown),Keyboards,29.99,328,172,Logitech,8.5,139,4/28/2024,brown,5158.28
"ROG Zephyrus G14 (256GB, Purple)",Laptops,1200,498,451,Asus,8.75,363,3/3/2025,purple,541200
"ProBook 450 G7 (1TB, Yellow)",Laptops,950,391,444,HP,8,354,6/15/2023,yellow,421800
"Tab P12 Pro (512GB, Orange)",Tablets,900,0,889,Lenovo,8.5,710,7/13/2023,orange,800100
"Bravia X950H (75"", Purple frame)",TVs,2500,,111,Sony,9,90,6/4/2025,purple,277500
Orchard Hills TV Stand (Black),Furniture,150,96,6,Sauder,8.4,4,10/5/2020,black,900
Charge 4 (Purple),Watches,129.95,372,854,Fitbit,8.5,681,10/27/2020,purple,110977.3
"574 (Orange, EU 40)",Shoes,90,488,499,New Balance,8.5,415,4/21/2025,orange,44910
"ENVY 13 (256GB, Purple)",Laptops,949.99,450,790,HP,8.75,635,3/25/2025,purple,750492.1
"65S535 (55"", Gray frame)",TVs,500,0,687,TCL,8.5,534,7/28/2021,gray,343500
"UHD UM7300 (65"", Yellow frame)",TVs,799,0,555,LG,8.5,427,10/13/2020,yellow,443445
Galaxy Watch 3 (Purple),Watches,250,71,963,Samsung,8.5,766,9/29/2025,purple,240750
GameCube (White),Gaming Consoles,150,0,658,Nintendo,8.5,530,10/4/2024,white,98700
K95 RGB Platinum (Red),Keyboards,199.99,53,928,Corsair,9.2,755,11/20/2023,red,185590.72
The Bambino Plus (Purple),Kitchen,499.95,0,823,Breville,8.75,658,2/6/2024,purple,411458.85
Game Gear (White),Gaming Consoles,150,45,855,Sega,8.5,714,9/22/2022,white,128250
"Surface Go (1TB, Blue)",Tablets,999,344,493,Microsoft,8.25,405,12/30/2025,blue,492507
"Bravia A90J (55"", Brown frame)",TVs,1999,92,280,Sony,9.2,220,10/12/2025,brown,559720
"511 Slim Jeans (Orange, XS)",Clothing,69.5,0,88,Levi's,8.75,65,10/25/2021,orange,6116
"Beats Solo3 (Wired, Gray)",Headphones,99.99,357,830,Apple,8.5,682,8/7/2022,red,82991.7
"WF-1000XM4 (Wired, Orange)",Headphones,279.99,0,853,Sony,9.2,686,1/25/2021,red,238831.47
Edifice EFR-S107D (Green),Watches,130,0,804,Casio,8.2,634,9/9/2022,green,104520
Star Wars Millennium Falcon (75192) (Blue),Toys,849.99,78,277,LEGO,9.6,220,10/27/2022,blue,235447.23
"WF-C500 (Wired, Blue)",Headphones,49.99,0,781,Sony,8.2,614,2/17/2022,red,39042.19
Lynx (Brown),Gaming Consoles,130,115,610,Atari,7.5,477,10/2/2022,brown,79300
"Omen 15 (64GB, Green)",Laptops,1800,0,782,HP,8.75,619,2/22/2024,green,1407600
"P20 Pro (64GB, White)",Smartphones,300,482,489,Huawei,8.2,399,12/16/2024,white,146700
Little People Caring for Animals Farm (Blue),Toys,49.99,475,965,Fisher-Price,9.2,753,9/5/2020,blue,48240.35
"RS-X3 (Orange, EU 42)",Shoes,110,0,368,Puma,8.5,284,5/19/2025,orange,40480
PlayStation 3 (White),Gaming Consoles,150,141,966,Sony,7.5,769,12/9/2022,white,144900
Magic Mouse (Black),Mice,99,0,247,Apple,8.5,198,12/7/2021,black,24453
KSB1570ER 5-Speed Blender (Black),Kitchen,99.99,0,811,KitchenAid,,650,4/9/2023,black,81091.89
"Yoga 9i (256GB, Red)",Laptops,1199.99,474,516,Lenovo,8.75,416,2/15/2021,red,619194.84
Architecture Statue of Liberty (21042) (White),Toys,119.99,13,401,LEGO,8.75,310,10/2/2024,white,48115.99
"NanoCell 90 (43"", White frame)",TVs,599,,724,LG,8.3,575,5/18/2021,white,433676
"55PUS8804 (50"", Yellow frame)",TVs,850,411,390,Philips,8.25,311,5/3/2022,yellow,331500
MX Anywhere 2S (Blue),Mice,59.99,257,181,Logitech,8.5,133,7/7/2021,blue,10858.19
Magic Mouse (Late 2022) (Black),Mice,99,227,782,Apple,8.75,626,2/8/2020,black,77418
Versa 2 (Green),Watches,149.95,0,334,Fitbit,8.5,258,2/6/2022,green,50083.3
Switch Lite (Black),Gaming Consoles,199.99,15,46,Nintendo,8.75,38,10/25/2022,black,9199.54
Ideas Tree House (21318) (Black),Toys,249.99,443,70,LEGO,9.5,60,9/5/2022,black,17499.3
"Cali (Red, EU 46)",Shoes,80,31,454,Puma,8.45,362,3/8/2021,red,36320
Rubik's Cube (Gray),Toys,14.99,22,151,Spin Master,7.85,117,10/1/2024,gray,2263.49
"HD 560S (Wired, Orange)",Headphones,199.95,0,485,Sennheiser,8.75,392,6/5/2021,red,96975.75
Infant to Toddler Rocker (Yellow),Toys,44.99,0,73,Fisher-Price,9.2,63,4/20/2025,yellow,3284.27
Basilisk V3 (Purple),Mice,69.99,0,7,Razer,8.75,6,12/16/2025,purple,489.93
"Bravia X85J (75"", Purple frame)",TVs,1499,0,682,Sony,8.75,568,11/4/2021,purple,1022318
"Clyde (Purple, EU 39)",Shoes,90,189,185,Puma,8.75,143,2/19/2022,purple,16650
G903 Lightspeed (Blue),Mice,99.99,1,526,Logitech,9.2,419,10/3/2021,blue,52594.74
Cottage Road Coffee Table (Blue),Furniture,180,324,335,Sauder,8.5,284,7/27/2024,blue,60300
"Clyde (Black, EU 42)",Shoes,90,0,464,Puma,8.5,365,7/13/2021,black,41760
"Galaxy Tab A7 (128GB, Green)",Tablets,249.99,0,580,Samsung,8.5,461,8/14/2021,green,144994.2
"Clyde (Green, EU 44)",Shoes,90,0,698,Puma,8.5,575,7/20/2023,green,62820
Marathon M705 (Black),Mice,29.99,433,260,Logitech,9,212,5/8/2024,black,7797.4
Setu Chair (Purple),Furniture,850,170,320,Herman Miller,9.25,245,7/11/2023,purple,272000
Wireless Keyboard 900 (Yellow),Keyboards,49.99,31,461,Microsoft,8.75,367,2/6/2024,yellow,23045.39
"AirPods Pro (2nd generation) (Wireless, Green)",Headphones,249,428,881,Apple,8.75,719,9/29/2020,green,219369
"10 Pro (128GB, Green)",Smartphones,699,0,266,OnePlus,8.75,217,1/8/2020,green,185934
"iPad Pro 12.9 (2021) (1TB, Blue)",Tablets,1799,0,798,Apple,9.2,615,1/7/2025,blue,1435602
SNES (Brown),Gaming Consoles,120,132,516,Nintendo,9.5,420,7/31/2021,brown,61920
"MacBook Pro 14 (2023) (128GB, Purple)",Laptops,1999,,19,Apple,9.2,13,4/27/2021,purple,37981
"iPad Air (2020) (1TB, Gray)",Tablets,899,,34,Apple,9.2,30,8/10/2021,gray,30566
MARQ Athlete (Green),Watches,1500,0,238,Garmin,8.75,192,1/17/2024,green,357000
"Superstar (White, EU 38)",Shoes,85,0,540,Adidas,8.75,432,4/22/2023,white,45900
"501 Shorts (Red, XS)",Clothing,44.99,198,380,Levi's,8.75,294,6/13/2020,red,17096.2
Shoal Creek Dresser (Red),Furniture,259.99,169,224,Sauder,8.5,189,10/28/2023,red,58237.76
"AirPods Pro (2nd generation) (Wired, Green)",Headphones,249,274,836,Apple,9.2,689,8/5/2021,red,208164
Forerunner 945 (White),Watches,599.99,118,6,Garmin,,,10/30/2025,white,3599.94
"Zig Kinetica (Black, EU 40)",Shoes,120,406,973,Reebok,8.5,805,10/30/2023,black,116760
PlayStation Classic (Yellow),Gaming Consoles,70,0,713,Sony,7.5,573,12/4/2024,yellow,49910
G903 Lightspeed (Brown),Mice,129.99,0,36,Logitech,9.1,30,9/6/2025,brown,4679.64
"HD 560S (Wireless, Orange)",Headphones,220,0,886,Sennheiser,8.7,700,10/8/2022,orange,194920
Transformers Bumblebee (Gray),Toys,24.99,381,430,Hasbro,8.75,339,7/31/2023,gray,10745.7
"Workout Plus (Gray, EU 38)",Shoes,80,266,549,Reebok,8.5,434,12/25/2022,gray,43920
Switch (Gray),Gaming Consoles,299.99,0,958,Nintendo,9.25,750,9/22/2022,gray,287390.42
Foodi Multi-Cooker (Brown),Kitchen,179,492,19,Ninja,9.2,15,3/22/2025,brown,3401
Ninjago City (70620) (White),Toys,299.99,186,410,LEGO,9.2,332,12/16/2024,white,122995.9
"8-Series Q825 (65"", Brown frame)",TVs,1299.99,123,44,TCL,,37,12/30/2025,brown,57199.56
"70PUS8505 (55"", White frame)",TVs,800,335,901,Philips,8.3,714,4/23/2024,white,720800
"55PUS7956/12 (55"", Orange frame)",TVs,600,435,755,Philips,7.8,606,3/4/2022,orange,453000
"Basket (Orange, EU 46)",Shoes,90,413,877,Puma,8.75,713,2/29/2024,orange,78930
Operation (White),Toys,20,42,483,Hasbro,8.75,379,11/27/2023,white,9660
Baby-G BA110 (Orange),Watches,99,0,322,Casio,8.25,254,10/21/2025,orange,31878
"AirPods (1st generation) (Wireless, Brown)",Headphones,99,422,32,Apple,8.5,26,7/3/2020,brown,3168
Magic Trackpad (White),Mice,129,0,137,Apple,9.3,115,8/31/2021,white,17673
"7T (128GB, Brown)",Smartphones,399,319,159,OnePlus,8.5,137,11/7/2024,brown,63441
"MacBook Air M1 (2020) (256GB, Purple)",Laptops,999,0,629,Apple,9.25,530,8/20/2024,purple,628371
"ThinkPad X1 Carbon (7th Gen) (64GB, Purple)",Laptops,1800,245,767,Lenovo,8.75,601,11/17/2022,purple,1380600
Xbox One (Blue),Gaming Consoles,300,0,76,Microsoft,8.75,65,3/3/2021,blue,22800
Magic Trackpad (Late 2022) (White),Mice,129,0,952,Apple,8.75,770,7/7/2021,white,122808
"Beats Studio3 (Wireless, Gray)",Headphones,349.95,300,312,Apple,8.25,253,9/11/2024,gray,109184.4
Air Hogs Super Soft (Brown),Toys,29.99,0,871,Spin Master,8.5,689,12/13/2020,brown,26121.29
"Galaxy Tab S6 (128GB, Red)",Tablets,550,0,376,Samsung,8.5,305,8/13/2025,red,206800
G810 Orion Spectrum (Blue),Keyboards,99.99,451,729,Logitech,,571,7/21/2022,blue,72892.71
"Pavilion 15 (128GB, Black)",Laptops,550,212,331,HP,8.25,264,9/23/2024,black,182050
Sensei 310 (Purple),Mice,69.99,162,970,SteelSeries,8.75,758,4/29/2023,purple,67890.3
"Galaxy Z Flip (128GB, Black)",Smartphones,999,449,894,Samsung,8.5,722,1/28/2021,black,893106
5-Shelf Bookcase (Orange),Furniture,150,0,142,Sauder,8.2,114,8/5/2025,orange,21300
G-Shock GA2100 (Purple),Watches,120,447,469,Casio,8.75,386,4/13/2024,purple,56280
"Own the Run Tee (Purple, S)",Clothing,35,0,161,Adidas,8.75,121,2/8/2025,purple,5635
"iPhone 11 (1TB, Orange)",Smartphones,,290,826,Apple,8.5,666,1/23/2025,orange,
"Real Madrid Home Jersey (Green, M)",Clothing,90,19,34,Adidas,8.7,29,7/28/2025,green,3060
"Tiro 21 Track Pants (Black, L)",Clothing,50,398,172,Adidas,,135,3/27/2021,black,8600
"Mate 20 (1TB, Gray)",Smartphones,899,178,244,Huawei,8.5,201,7/9/2023,gray,219356
"Galaxy S9 (512GB, Yellow)",Smartphones,299,66,792,Samsung,8.5,652,10/17/2025,yellow,236808
Forerunner 245 (Blue),Watches,299.99,0,523,Garmin,8.9,411,1/12/2025,blue,156894.77
VCS (2021) (Gray),Gaming Consoles,299,88,322,Atari,7.5,247,10/10/2021,gray,96278
Barbie Doll (Purple),Toys,24.99,395,313,Mattel,8.75,247,10/8/2023,purple,7821.87
"ZBook Firefly 14 (64GB, Brown)",Laptops,2500,114,709,HP,8.5,584,10/29/2021,brown,1772500
Duo Crisp + Air Fryer (Red),Kitchen,199.95,124,406,Instant Pot,9.25,332,2/9/2025,red,81179.7
"OLED C1 (65"", Purple frame)",TVs,1899,368,74,LG,9.25,60,11/18/2021,purple,140526
"5T (256GB, Blue)",Smartphones,499,0,628,OnePlus,8.75,485,5/27/2022,blue,313372
"ZenBook 14 UX425 (128GB, Black)",Laptops,799,36,583,Asus,8.75,469,10/11/2020,black,465817
Magic Mouse 2 (Yellow),Mice,79,0,704,Apple,8.5,567,10/6/2021,yellow,55616
"Bravia X95J (43"", Yellow frame)",TVs,1299.99,0,240,Sony,8.75,195,11/14/2025,yellow,311997.6
"Spectre x360 13 (256GB, Gray)",Laptops,999.99,177,265,HP,8.75,204,7/19/2020,gray,264997.35
K95 RGB Platinum (Black),Keyboards,199.99,0,485,Corsair,9.2,393,10/29/2023,black,96995.15
Versa (Black),Watches,129.95,200,969,Fitbit,8.5,789,4/20/2024,black,125921.55
K55 RGB (Yellow),Keyboards,59.99,206,590,Corsair,8.25,460,3/3/2024,yellow,35394.1
Charge 4 (Brown),Watches,129.95,490,901,Fitbit,8.5,728,4/7/2023,brown,117084.95
Rival 710 (Black),Mice,99.99,295,767,SteelSeries,8.75,598,7/8/2023,black,76692.33
"Surface Pro 6 (256GB, Orange)",Tablets,1100,84,313,Microsoft,8.5,245,5/18/2025,orange,344300
"iPhone 7 (64GB, Gray)",Smartphones,150,345,841,Apple,7.5,652,9/17/2023,gray,126150
PSX (Purple),Gaming Consoles,150,0,175,Sony,8.45,134,1/13/2022,purple,26250
"ENVY 15 (1TB, White)",Laptops,1200,491,532,HP,8.75,421,7/12/2025,white,638400
"Alphabounce (Brown, EU 38)",Shoes,120,0,913,Adidas,8.75,732,4/30/2025,brown,109560
"Powerbeats Pro (Wired, White)",Headphones,249.95,0,963,Apple,8.4,770,10/21/2025,red,240701.85
Gear Fit2 Pro (Green),Watches,130,71,466,Samsung,8.35,365,3/23/2023,green,60580
"MacBook Pro 13 (2022) (64GB, White)",Laptops,1999,412,351,Apple,8.75,277,3/7/2022,white,701649
"Powerbeats Pro (Wireless, Blue)",Headphones,199.95,6,978,Apple,8.75,787,3/2/2022,blue,195551.1
Xbox One X (Blue),Gaming Consoles,349.99,0,307,Microsoft,8.5,258,2/29/2024,blue,107446.93
Barbie Doll (Yellow),Toys,19.99,0,585,Mattel,,464,2/1/2020,yellow,11694.15
"MacBook Pro 13 (2020) (1TB, Green)",Laptops,1799,389,249,Apple,9.1,204,6/24/2025,green,447951
"QLED Q60T (75"", Brown frame)",TVs,1500,0,23,Samsung,8.7,19,1/15/2022,brown,34500
Flashback 8 (Green),Gaming Consoles,49.99,0,773,Atari,7.5,635,10/16/2024,green,38642.27
G613 Wireless (Yellow),Keyboards,70,190,974,Logitech,8.5,789,3/23/2021,yellow,68180
"513 Slim Straight (Purple, S)",Clothing,69.99,342,486,Levi's,8.55,395,9/9/2022,purple,34015.14
Xbox One (Red),Gaming Consoles,299,376,311,Microsoft,8.75,251,12/16/2022,red,92989
Creator Expert Taj Mahal (10256) (Green),Toys,369.99,0,716,LEGO,9.25,587,9/25/2025,green,264912.84
Connect 4 (White),Toys,15.99,54,561,Hasbro,8.75,456,10/8/2024,white,8970.39
G810 Orion Spectrum (Yellow),Keyboards,129.99,0,624,Logitech,8.75,518,10/25/2025,yellow,81113.76
"AU8000 (50"", Black frame)",TVs,450,44,837,Samsung,8.75,660,3/2/2023,black,376650
"Sportswear Club Hoodie (Red, XS)",Clothing,50,251,570,Nike,8.75,466,10/27/2021,red,28500
Galaxy Watch 4 (Black),Watches,199,298,515,Samsung,,421,12/20/2022,black,102485
"Instapump Fury (Orange, EU 46)",Shoes,180,63,420,Reebok,8.5,338,9/30/2020,orange,75600
"Vanish Woven Pants (Brown, M)",Clothing,65,67,904,Under Armour,8.5,713,10/6/2025,brown,58760
Galaxy Watch 3 (Gray),Watches,249.99,170,427,Samsung,8.75,351,7/23/2024,gray,106745.73
Sayl Chair (White),Furniture,625,390,424,Herman Miller,9.25,331,8/27/2023,white,265000
"MacBook Pro 14 (2021) (512GB, Purple)",Laptops,1999,200,46,Apple,9.4,38,12/27/2025,purple,91954
"HD 560S (Wired, Gray)",Headphones,199,425,713,Sennheiser,8.75,577,6/4/2024,red,141887
Pro Trek PRG-600 (Red),Watches,320,433,478,Casio,8.75,375,5/12/2021,red,152960
"Sleepbuds II (Wired, White)",Headphones,249,386,935,Bose,8.7,759,5/18/2021,red,232815
Ultra 10-in-1 (Orange),Kitchen,149.99,0,614,Instant Pot,8.75,512,8/28/2022,orange,92093.86
Tech Deck (Gray),Toys,10.99,421,190,Spin Master,8.75,148,3/15/2021,gray,2088.1
"Mi 10 (256GB, Orange)",Smartphones,499,240,787,Xiaomi,8.45,613,3/15/2024,orange,392713
"iPhone 6 (1TB, White)",Smartphones,200,109,593,Apple,8.5,457,2/15/2023,white,118600
Computer Desk (Yellow),Furniture,150,379,26,Sauder,7.8,19,2/12/2025,yellow,3900
"Surface Pro 7+ (1TB, Brown)",Tablets,2299,102,654,Microsoft,8.5,543,12/1/2024,brown,1503546
Etch A Sketch (Black),Toys,14.99,0,239,Spin Master,8.5,192,10/14/2024,black,3582.61
Mistana Armchair (Blue),Furniture,250,0,245,Wayfair,8.5,199,1/5/2024,blue,61250
"WF-1000XM4 (Wired, Red)",Headphones,99.99,76,291,Sony,8.65,233,1/6/2025,red,29097.09
"513 Slim Straight (Gray, XL)",Clothing,69.5,69,696,Levi's,8.75,555,12/26/2023,gray,48372
"Inspiron 15 3000 (1TB, Brown)",Laptops,499,0,782,Dell,7.8,635,4/28/2024,brown,390218
GameCube (Blue),Gaming Consoles,120,76,845,Nintendo,,685,3/23/2022,blue,101400
Classic IntelliMouse (Red),Mice,39.99,0,268,Microsoft,8.5,216,6/12/2022,red,10717.32
"Urbanite XL (Wireless, Orange)",Headphones,150,366,138,Sennheiser,8.75,104,3/15/2020,orange,20700
"Floatride Run (Yellow, EU 38)",Shoes,120,0,803,Reebok,8.45,633,12/9/2023,yellow,96360
"MacBook Pro 13 (2020) (256GB, Yellow)",Laptops,1099,0,243,Apple,8.5,189,3/15/2023,yellow,267057
Marathon M705 (Orange),Mice,39.99,492,227,Logitech,8.75,190,6/5/2025,orange,9077.73
K60 RGB Pro (Gray),Keyboards,89.99,0,411,Corsair,8.75,328,5/14/2024,gray,36985.89
Edifice EFR-S107D (Yellow),Watches,150,364,422,Casio,8.3,338,11/24/2024,yellow,63300
Nerf Elite 2.0 (Blue),Toys,25.99,480,284,Hasbro,,227,10/21/2023,blue,7381.16
"iPhone 6 (256GB, Yellow)",Smartphones,299,0,589,Apple,7.5,460,4/16/2022,yellow,176111
"Spectre x360 13 (512GB, Green)",Laptops,1299,292,846,HP,8.5,668,4/13/2024,green,1098954
"iPad Pro 11 (2020) (512GB, Red)",Tablets,1299,28,60,Apple,9.5,47,4/22/2025,red,77940
"iPhone 13 (1TB, Red)",Smartphones,1299,118,519,Apple,9.5,430,10/30/2022,red,674181
"P20 (512GB, Black)",Smartphones,299,0,220,Huawei,8.5,177,4/23/2024,black,65780
Masters of the Universe He-Man (Brown),Toys,24.99,0,999,Mattel,8.5,805,6/27/2023,brown,24965.01
Instinct (Purple),Watches,299.99,320,444,Garmin,8.75,342,10/8/2023,purple,133195.56
Verus Chair (Yellow),Furniture,695,291,258,Herman Miller,8.75,204,2/5/2025,yellow,179310
Creator Expert Taj Mahal (10256) (Brown),Toys,369.99,455,327,LEGO,9.5,271,5/14/2022,brown,120986.73
"HeatGear Compression Shirt (Gray, XL)",Clothing,35.99,388,373,Under Armour,,307,1/22/2025,gray,13424.27
Juice Fountain Elite (Gray),Kitchen,299.95,0,847,Breville,9.2,671,12/16/2022,gray,254057.65
Rival 5 (White),Mice,69.99,0,39,SteelSeries,8.9,31,11/14/2024,white,2729.61
"5T (512GB, Red)",Smartphones,699,426,968,OnePlus,8.5,778,2/15/2023,red,676632
"Mi 9 (64GB, Green)",Smartphones,199,183,894,Xiaomi,8.5,705,4/21/2024,green,177906
"Adizero Adios Pro (Green, EU 39)",Shoes,250,379,192,Adidas,9.2,146,5/18/2024,green,48000
"Surface Go 2 (64GB, Brown)",Tablets,399.99,412,867,Microsoft,,697,9/26/2025,brown,346791.33
"TU8000 (43"", Green frame)",TVs,400,0,564,Samsung,8.5,432,9/20/2025,green,225600
"P20 Pro (128GB, White)",Smartphones,350,228,890,Huawei,8.2,713,9/14/2022,white,311500
"AU8000 (65"", Yellow frame)",TVs,650,103,277,Samsung,8.5,217,9/18/2024,yellow,180050
MX Master 3 (Green),Mice,99.99,203,681,Logitech,,535,1/27/2023,green,68093.19
Game Gear (Yellow),Gaming Consoles,120,327,477,Sega,8.5,381,10/26/2025,yellow,57240
"Yoga 9i (1TB, Red)",Laptops,1799,364,894,Lenovo,8.65,715,1/6/2021,red,1608306
"50S535 (75"", Orange frame)",TVs,1199,386,909,TCL,8.75,733,8/1/2023,orange,1089891
"SoundSport Wireless (Wired, Black)",Headphones,99,0,408,Bose,8.5,334,3/29/2020,red,40392
"MediaPad M6 (1TB, Brown)",Tablets,450,0,384,Huawei,7.8,315,2/22/2022,brown,172800
Apex 5 (Red),Keyboards,99.99,50,674,SteelSeries,8.75,549,8/1/2023,red,67393.26
Orochi V2 (Orange),Mice,69.99,385,143,Razer,8.75,118,7/1/2021,orange,10008.57
"Windrunner Jacket (Purple, XS)",Clothing,90,226,469,Nike,8.5,375,1/14/2020,purple,42210
K380 (Black),Keyboards,39.99,64,964,Logitech,8.75,767,5/5/2023,black,38550.36
Bladen Sofa (Red),Furniture,449.99,108,502,Ashley Furniture,8.5,397,10/6/2025,red,225894.98
Nutri Pro Blender (Yellow),Kitchen,99.99,217,111,Ninja,8.75,89,4/16/2020,yellow,11098.89
"UHD UM7300 (50"", Green frame)",TVs,450,0,146,LG,8.3,116,12/25/2022,green,65700
"Mi 10 (1TB, Brown)",Smartphones,549,272,743,Xiaomi,8.2,595,1/22/2020,brown,407907
"65R635 (75"", Orange frame)",TVs,1799,203,275,TCL,8.5,218,7/11/2020,orange,494725
Inspire HR (Yellow),Watches,69.95,81,924,Fitbit,8.5,730,6/14/2024,yellow,64633.8
Precision Mouse (Black),Mice,39.99,0,735,Microsoft,8.75,586,1/31/2024,black,29392.65
"513 Slim Straight (Black, M)",Clothing,69.5,0,359,Levi's,8.75,276,11/23/2020,black,24950.5
"996 (Black, EU 38)",Shoes,110,79,610,New Balance,8.5,499,8/18/2025,black,67100
"P40 (64GB, Orange)",Smartphones,499,265,257,Huawei,8.25,205,11/19/2024,orange,128243
"IdeaPad Duet Chromebook (512GB, Green)",Tablets,399,0,362,Lenovo,8.5,285,12/4/2020,green,144438
Verus Chair (Blue),Furniture,675,158,979,Herman Miller,8.75,787,3/9/2024,blue,660825
Galaxy Watch Active2 (Red),Watches,249.99,73,197,Samsung,8.75,160,5/10/2025,red,49248.03
Foodi Digital Air Fry Oven (Orange),Kitchen,299.99,216,324,Ninja,8.75,264,10/29/2023,orange,97196.76
Apex 350 (Black),Keyboards,129.99,,646,SteelSeries,8.75,507,9/26/2025,black,83973.54
Billy Bookcase (Black),Furniture,49.99,156,876,IKEA,8.75,690,7/14/2023,black,43791.24
"Pavilion 15 (1TB, Gray)",Laptops,700,264,934,HP,8.5,761,1/26/2021,gray,653800
"55S535 (75"", Blue frame)",TVs,850,240,360,TCL,8.65,278,1/29/2020,blue,306000
"Condivo 20 Training Top (Yellow, M)",Clothing,60,0,802,Adidas,8.75,632,7/22/2021,yellow,48120
Wireless Mouse 900 (Brown),Mice,35,439,596,Microsoft,,,6/13/2025,brown,20860
Inspire 2 (Black),Watches,99.95,351,118,Fitbit,8.5,92,8/25/2023,black,11794.1
Gear Fit2 Pro (Blue),Watches,149.99,0,656,Samsung,8.5,520,1/14/2022,blue,98393.44
"Jersey Dress (Gray, S)",Clothing,24.99,104,296,H&M,8.5,237,7/25/2024,gray,7397.04
Twister (White),Toys,19.99,0,929,Hasbro,8.5,754,6/9/2025,white,18570.71
"iPhone 12 (64GB, Yellow)",Smartphones,599,399,609,Apple,8.75,499,6/17/2020,yellow,364791
Hatchimals CollEGGtibles (Green),Toys,9.99,0,603,Spin Master,8.5,477,1/24/2021,green,6023.97
Xbox 360 (Red),Gaming Consoles,299.99,493,539,Microsoft,8.5,423,9/16/2022,red,161694.61
"Elite 75t (Wireless, Brown)",Headphones,149.99,348,943,Jabra,8.75,755,1/20/2022,brown,141440.57
Classic Brick Set (10717) (Purple),Toys,59.99,398,33,LEGO,9.25,23,12/20/2025,purple,1979.67
Setu Chair (Green),Furniture,795,0,320,Herman Miller,8.75,252,10/5/2025,green,254400
MX Anywhere 2S (Gray),Mice,59.99,331,775,Logitech,8.75,619,11/18/2022,gray,46492.25
Sculpt Ergonomic Keyboard (Gray),Keyboards,79.99,0,978,Microsoft,8.75,768,5/14/2023,gray,78230.22
Ionic (Blue),Watches,250,462,300,Fitbit,8.5,243,2/28/2024,blue,75000
"Spectre x360 13 (64GB, Gray)",Laptops,1099,419,688,HP,8.75,547,8/30/2021,gray,756112
32X (Yellow),Gaming Consoles,100,0,576,Sega,7.85,476,3/21/2022,yellow,57600
Watch Series 3 (Green),Watches,199,432,600,Apple,8.75,491,8/19/2021,green,119400
"Vanish Woven Pants (Orange, M)",Clothing,65,0,323,Under Armour,8.7,264,4/28/2022,orange,20995
"Latitude 7400 (1TB, Orange)",Laptops,1500,34,567,Dell,8.5,447,9/10/2024,orange,850500
Daily Collection Kettle (Yellow),Kitchen,25,124,58,Philips,8.3,45,11/24/2022,yellow,1450
"Armour Fleece Pants (Blue, XXL)",Clothing,55,321,448,Under Armour,8.7,364,1/30/2023,blue,24640
"P40 Pro (256GB, Red)",Smartphones,599,0,511,Huawei,8.4,407,4/10/2022,red,306089
"Inspiron 14 5000 (512GB, Purple)",Laptops,750,0,386,Dell,8.25,317,10/14/2020,purple,289500
G810 Orion Spectrum (Purple),Keyboards,129.99,0,562,Logitech,8.5,456,1/23/2023,purple,73054.38
MX Anywhere 2S (Purple),Mice,59.99,,418,Logitech,8.5,329,3/24/2022,purple,25075.82
Galaxy Watch (Orange),Watches,299.99,421,746,Samsung,8.75,599,12/21/2021,orange,223792.54
Huntsman Tournament Edition (Red),Keyboards,130,365,242,Razer,8.75,189,3/6/2025,red,31460
Genesis (Yellow),Gaming Consoles,60,441,509,Sega,8.75,395,10/13/2024,yellow,30540
"WH-XB900N (Wired, Orange)",Headphones,149.99,0,520,Sony,8.4,408,4/6/2024,red,77994.8
PlayStation 4 (Black),Gaming Consoles,299,416,519,Sony,8.75,429,5/22/2020,black,155181
"Denim Jacket (Brown, S)",Clothing,39.99,132,421,H&M,,336,5/7/2020,brown,16835.79
"Galaxy Tab S8 (256GB, Blue)",Tablets,779,0,230,Samsung,,185,3/15/2025,blue,179170
K70 RGB MK.2 (Black),Keyboards,159.99,229,241,Corsair,8.75,190,2/11/2021,black,38557.59
"Basket (White, EU 38)",Shoes,60,7,749,Puma,8.5,603,3/10/2023,white,44940
M330 Silent Plus (Gray),Mice,25,295,584,Logitech,8.75,452,5/1/2021,gray,14600
"Real Madrid Home Jersey (Purple, XS)",Clothing,90,180,138,Adidas,8.75,102,4/20/2025,purple,12420
Ektorp Sofa (Purple),Furniture,499,0,825,IKEA,8.5,677,3/27/2025,purple,411675
PSX (Purple),Gaming Consoles,150,0,175,Sony,8.45,144,1/13/2022,purple,26250
"ZenBook Pro Duo 15 (1TB, Red)",Laptops,2499,0,933,Asus,8.75,747,11/10/2025,red,2331567
"OLED CX (50"", White frame)",TVs,1199,247,370,LG,9.2,282,7/6/2025,white,443630
"MacBook Pro 14 (2023) (512GB, White)",Laptops,1999,,1,Apple,9.7,1,10/5/2020,white,1999
UNO Card Game (Red),Toys,9.99,0,543,Mattel,8.75,427,10/24/2025,red,5424.57
Hot and Cold Brewed System (Black),Kitchen,169.99,380,834,Ninja,9.25,683,12/6/2021,black,141771.66
Huntsman V2 Analog (Yellow),Keyboards,249.99,0,726,Razer,8.75,579,8/7/2022,yellow,181492.74
Juice Fountain Elite (White),Kitchen,299.95,304,802,Breville,,678,11/24/2022,white,240559.9
"Elite Active 75t (Wireless, Blue)",Headphones,149.99,0,917,Jabra,,743,10/6/2023,blue,137540.83
"EliteBook 840 G6 (64GB, Red)",Laptops,1200,0,942,HP,8.5,758,1/31/2022,red,1130400
"AirPods Pro (1st generation) (Wired, Gray)",Headphones,199,473,482,Apple,8.5,378,4/7/2024,red,95918
"Momentum 3 Wireless (Wired, Orange)",Headphones,399.95,8,520,Sennheiser,8.75,401,10/5/2025,red,207974
Creator Ford Mustang (10265) (Red),Toys,169.99,0,820,LEGO,9.45,663,5/9/2025,red,139391.8
"AirPods (2nd generation) (Wired, Orange)",Headphones,99,432,593,Apple,8.5,467,4/23/2022,red,58707
MX Master 3 (Orange),Mice,99.99,457,432,Logitech,9.3,344,6/3/2021,orange,43195.68
K380 (Green),Keyboards,39.99,438,234,Logitech,8.75,182,6/17/2020,green,9357.66
Genesis (Gray),Gaming Consoles,60,334,159,Sega,,123,3/9/2025,gray,9540
"P30 (64GB, Gray)",Smartphones,300,0,727,Huawei,8.1,580,2/24/2022,gray,218100
"Sherpa Trucker Jacket (Yellow, L)",Clothing,98,138,97,Levi's,8.5,76,6/22/2020,yellow,9506
"IdeaPad 5 (128GB, Green)",Laptops,650,297,780,Lenovo,8.5,611,3/12/2024,green,507000
"50PUS7506 (43"", Purple frame)",TVs,480,338,912,Philips,7.8,740,5/10/2020,purple,437760
"MatePad Pro 12.6 (1TB, Yellow)",Tablets,1099,190,325,Huawei,8.3,264,8/14/2025,yellow,357175
"11T (1TB, Yellow)",Smartphones,599,,22,Xiaomi,8.2,15,12/12/2024,yellow,13178
"Pavilion 14 (1TB, Purple)",Laptops,649.99,0,635,HP,8.25,507,5/11/2020,purple,412743.65
Watch SE (Green),Watches,279,22,34,Apple,8.75,28,4/5/2021,green,9486
Nomad (Orange),Gaming Consoles,299.99,130,364,Sega,8.5,282,2/10/2020,orange,109196.36
"Mi 9 (256GB, Red)",Smartphones,350,0,516,Xiaomi,8.2,417,7/12/2025,red,180600
Paw Patrol Mighty Lookout Tower (Green),Toys,119.99,175,216,Spin Master,8.45,171,4/16/2023,green,25917.84
"iPad Pro 11 (2020) (256GB, Brown)",Tablets,849,0,405,Apple,9.3,325,9/9/2023,brown,343845
"MatePad 11 (512GB, Blue)",Tablets,699,196,739,Huawei,8.4,605,6/6/2023,blue,516561
K68 RGB (Green),Keyboards,119.99,0,840,Corsair,8.75,686,12/4/2020,green,100791.6
"Yeezy Boost 350 V2 (Yellow, EU 38)",Shoes,220,0,805,Adidas,8.65,660,4/16/2020,yellow,177100
Orchard Hills TV Stand (Brown),Furniture,200,243,272,Sauder,8.25,211,5/24/2024,brown,54400
Scrabble (White),Toys,20,116,837,Mattel,8.75,668,1/20/2022,white,16740
"Chromebook Flip C434 (64GB, Brown)",Laptops,529,0,257,Asus,8.5,204,12/5/2023,brown,135953
"Redmi Note 10 (1TB, Green)",Smartphones,300,148,211,Xiaomi,8.5,165,2/1/2024,red,63300
Bakugan Battle Arena (White),Toys,29.99,0,832,Spin Master,8.25,654,10/30/2023,white,24951.68
Alenya Sofa (Brown),Furniture,450,0,641,Ashley Furniture,8.25,521,8/6/2020,brown,288450
"Ultraboost 21 (Red, EU 46)",Shoes,180,230,183,Adidas,8.75,160,6/11/2024,red,32940
"AirPods (2nd generation) (Wireless, Black)",Headphones,129,0,664,Apple,8.5,539,4/12/2020,black,85656
Polly Pocket (Red),Toys,12.99,0,79,Mattel,,62,6/13/2021,red,1026.21
"Condivo 20 Training Top (Blue, S)",Clothing,60,389,394,Adidas,8.7,321,6/18/2023,blue,23640
2600 (Brown),Gaming Consoles,199.99,136,673,Atari,8.5,546,9/28/2021,brown,134593.27
"iPad Air (2019) (512GB, Brown)",Tablets,649,239,94,Apple,9.2,73,1/9/2023,brown,61006
Cardinal Games Chess (Orange),Toys,20,314,364,Spin Master,8.5,290,7/2/2023,orange,7280
Strandmon Wing Chair (Purple),Furniture,279,0,995,IKEA,8.75,787,7/21/2023,purple,277605
Little People School Bus (Gray),Toys,24.99,0,707,Fisher-Price,8.75,567,5/23/2022,gray,17667.93
Watch Ultra (Red),Watches,799,445,218,Apple,8.75,174,2/28/2021,red,174182
Ebern Designs Convertible Sofa (Green),Furniture,450,445,143,Wayfair,7.85,115,11/1/2023,green,64350
"iPad (2017) (64GB, White)",Tablets,299,438,43,Apple,8.5,35,5/9/2022,white,12857
Classic Hand Mixer (Red),Kitchen,59.99,47,859,KitchenAid,9.2,664,2/6/2021,red,51531.41
"Spectre x360 15 (512GB, Blue)",Laptops,1300,409,287,HP,8.5,228,10/5/2024,blue,373100
PlayStation 2 (White),Gaming Consoles,150,0,691,Sony,8.75,548,7/19/2022,white,103650
"7T (512GB, White)",Smartphones,499,389,588,OnePlus,8.75,481,10/9/2023,white,293412
"512 Slim Taper Jeans (Yellow, S)",Clothing,69.5,45,642,Levi's,8.75,509,10/20/2025,yellow,44619
"G5 15 (1TB, White)",Laptops,1199,499,917,Dell,8.2,729,9/22/2023,white,1099483
Rival 110 (Gray),Mice,40,282,334,SteelSeries,8.75,278,7/19/2024,gray,13360
"UHD UN7300 (75"", Orange frame)",TVs,1200,223,692,LG,8.4,570,9/27/2022,orange,830400
N64 (Orange),Gaming Consoles,150,183,220,Nintendo,8.5,182,9/17/2023,orange,33000
"Pump Omni Lite (Red, EU 40)",Shoes,150,0,907,Reebok,8.5,722,4/30/2025,red,136050
Caper Chair (Gray),Furniture,495,84,669,Herman Miller,,536,1/30/2024,gray,331155
"HD 599 (Wireless, Gray)",Headphones,199.95,0,310,Sennheiser,8.5,239,3/15/2025,gray,61984.5
"Tab P11 Pro (128GB, Brown)",Tablets,499,320,50,Lenovo,8.5,44,6/6/2020,brown,24950
XXL Grill (Brown),Kitchen,299.99,365,562,Philips,8.75,462,5/15/2022,brown,168594.38
Sand & Stable Bar Stool (Purple),Furniture,150,300,970,Wayfair,8.5,771,10/24/2024,purple,145500
"iPhone 7 (256GB, Black)",Smartphones,179,488,223,Apple,7.85,181,1/10/2020,black,39917
"530 (Yellow, EU 44)",Shoes,140,270,619,New Balance,8.75,506,7/15/2021,yellow,86660
F-91W (Black),Watches,20,0,91,Casio,8.5,74,12/25/2025,black,1820
Pico (Green),Gaming Consoles,120,14,781,Sega,8.5,617,9/18/2025,green,93720
"Tab P11 Pro (1TB, Green)",Tablets,799,98,462,Lenovo,8.3,373,8/12/2021,green,369138
"ThinkPad T14 (64GB, Green)",Laptops,1800,84,0,Lenovo,8.75,0,6/28/2020,green,0
North Avenue Desk (Gray),Furniture,150,152,998,Sauder,8.5,816,3/16/2025,gray,149700
"MacBook Air M2 (2022) (256GB, Gray)",Laptops,1099,0,835,Apple,9.2,674,2/13/2025,gray,917665
Poäng Armchair (Blue),Furniture,89,83,9,IKEA,8.25,7,11/16/2024,blue,801
Apex 7 (White),Keyboards,159.99,,590,SteelSeries,9.2,488,1/19/2020,white,94394.1
Apex 350 (Gray),Keyboards,120,348,119,SteelSeries,8.5,98,4/10/2020,gray,14280
"Tab M8 (256GB, Purple)",Tablets,199.99,363,412,Lenovo,8.2,334,8/4/2025,purple,82395.88
Greyleigh Coffee Table (Yellow),Furniture,350,47,106,Wayfair,8.25,95,12/24/2022,yellow,37100
"MacBook Air M1 (2020) (64GB, Yellow)",Laptops,1099,14,703,Apple,9.45,558,6/9/2020,yellow,772597
Jenga (Yellow),Toys,14.99,351,93,Hasbro,8.5,78,7/22/2024,yellow,1394.07
"8-Series Q825 (43"", Purple frame)",TVs,450,258,191,TCL,8.25,154,11/3/2025,purple,85950
"55PUS7334 (65"", Orange frame)",TVs,750,313,159,Philips,8.2,126,6/1/2022,orange,119250
"Move Style Edition (Wireless, Orange)",Headphones,100,0,509,Jabra,8.5,409,3/26/2020,orange,50900
"Classic Leather (Yellow, EU 38)",Shoes,85,75,645,Reebok,8.75,521,5/16/2020,yellow,54825
K68 RGB (Blue),Keyboards,99.99,68,455,Corsair,8.75,352,10/2/2025,blue,45495.45
"7T (64GB, Brown)",Smartphones,399,0,210,OnePlus,8.75,152,5/26/2023,brown,83790
Watch Series 6 (Blue),Watches,399,21,478,Apple,8.75,374,12/28/2022,blue,190722
Prime Wireless (White),Mice,139.99,40,600,SteelSeries,8.75,503,10/20/2024,white,83994
"iPhone 7 (128GB, Blue)",Smartphones,200,98,593,Apple,8.23,480,4/13/2024,blue,118600
Apex 5 (Gray),Keyboards,99.99,87,162,SteelSeries,8.75,131,10/27/2025,gray,16198.38
"Galaxy S7 (256GB, Brown)",Smartphones,250,346,173,Samsung,7.5,140,12/12/2020,brown,43250
"Surface Pro 7 (256GB, Blue)",Tablets,899,210,430,Microsoft,8.75,348,6/11/2025,blue,386570
Naga Trinity (Yellow),Mice,99.99,378,94,Razer,8.5,74,10/11/2023,yellow,9399.06
"IdeaPad 5 (256GB, Brown)",Laptops,600,4,641,Lenovo,8.2,520,7/4/2021,brown,384600
Cynosa Chroma (Black),Keyboards,59.99,446,406,Razer,8.45,319,9/24/2021,black,24355.94
"WH-1000XM3 (Wired, Red)",Headphones,229.99,233,576,Sony,9.5,444,4/5/2022,red,132474.24
"Future Rider (White, EU 39)",Shoes,80,0,737,Puma,8.5,607,11/19/2020,white,58960
"Smash (Purple, EU 42)",Shoes,60,42,194,Puma,8.5,153,6/11/2024,purple,11640
"P30 Pro (128GB, Orange)",Smartphones,499,0,991,Huawei,8.5,788,4/9/2020,orange,494509
PlayStation Classic (White),Gaming Consoles,99.99,0,827,Sony,7.5,660,11/18/2025,white,82691.73
"Mi 11 (128GB, Gray)",Smartphones,499,27,918,Xiaomi,8.5,733,1/24/2023,gray,458082
K400 Plus (Orange),Keyboards,29.99,27,303,Logitech,8.5,253,10/18/2020,orange,9086.97
"Cotton Chino Pants (Green, XS)",Clothing,29.99,185,155,H&M,8.45,111,9/21/2024,green,4648.45
"Smash (Red, EU 46)",Shoes,70,0,819,Puma,8.5,651,3/14/2022,red,57330
Creator Expert Taj Mahal (10256) (Black),Toys,399.99,0,116,LEGO,9.2,96,3/14/2021,black,46398.84
"513 Slim Straight (Yellow, XS)",Clothing,69.5,458,468,Levi's,8.75,382,6/11/2023,yellow,32526
Monster High Doll (Red),Toys,24.99,157,850,Mattel,8.5,684,8/5/2020,red,21241.5
"5 (512GB, White)",Smartphones,699,0,756,OnePlus,8.75,608,10/25/2022,white,528444
Viper Mini (Black),Mice,39.99,0,928,Razer,8.7,744,10/22/2025,black,37110.72
"iPad Air (2020) (256GB, Red)",Tablets,749,21,553,Apple,8.75,451,8/30/2025,red,414197
Andover Mills Bookcase (Purple),Furniture,150,31,305,Wayfair,7.85,236,7/24/2023,purple,45750
PlayStation 4 (Blue),Gaming Consoles,299,0,622,Sony,8.75,503,6/6/2022,blue,185978
"Tab M8 (512GB, White)",Tablets,299.99,165,26,Lenovo,7.85,21,7/28/2020,white,7799.74
"Tech Shorts (Blue, S)",Clothing,35,257,485,Under Armour,8.75,386,4/26/2024,blue,16975
"8T (1TB, Gray)",Smartphones,599,396,335,OnePlus,8.75,268,3/4/2021,gray,200665
"OLED G1 (55"", Green frame)",TVs,1799,0,169,LG,9.2,123,9/4/2025,green,304031
"Q950TS 8K QLED (50"", Black frame)",TVs,1999,,845,Samsung,9.2,669,1/22/2020,black,1689155
32X (Brown),Gaming Consoles,120,101,12,Sega,7.5,11,2/8/2024,brown,1440
"Galaxy Tab S7 (512GB, Brown)",Tablets,799,0,605,Samsung,8.5,491,9/30/2023,brown,483395
"Air Force 1 (Black, EU 46)",Shoes,120,444,570,Nike,8.75,472,5/19/2021,black,68400
"Classic Leather (Gray, EU 46)",Shoes,85,496,675,Reebok,8.5,553,8/29/2024,gray,57375
The Grind Control (Red),Kitchen,299.95,60,716,Breville,8.75,572,9/1/2020,red,214764.2
"Alphaskin Tights (Black, L)",Clothing,45,328,829,Adidas,,,8/13/2021,black,37305
Ektorp Sofa (White),Furniture,399,0,168,IKEA,8.5,128,12/24/2024,white,67032
K70 RGB MK.2 (Orange),Keyboards,160,209,609,Corsair,8.75,501,6/18/2024,orange,97440
"AirPods (3rd generation) (Wired, Brown)",Headphones,179,0,39,Apple,8.75,31,10/7/2024,red,6981
"Linen Blend Shirt (Green, XS)",Clothing,29.99,0,602,H&M,8.2,481,7/22/2021,green,18053.98
Air Hogs Super Soft (Gray),Toys,29.99,437,539,Spin Master,8.25,420,6/13/2022,gray,16164.61
Xbox Series S (Blue),Gaming Consoles,299.99,162,917,Microsoft,,,6/9/2024,blue,275090.83
"TUF Gaming A15 (128GB, Blue)",Laptops,899,0,358,Asus,8.5,290,6/6/2025,blue,321842
Xbox Series X (Red),Gaming Consoles,499,0,339,Microsoft,9.2,271,12/26/2024,red,169161
Magic Mouse 2 (Orange),Mice,79,0,115,Apple,8.5,90,2/28/2025,orange,9085
"50S535 (65"", Gray frame)",TVs,599,195,247,TCL,8.75,194,2/24/2020,gray,147953
K65 RGB Mini (Green),Keyboards,109.99,428,509,Corsair,8.5,411,12/3/2023,green,55984.91
"Tab P12 Pro (1TB, White)",Tablets,899,21,349,Lenovo,8.5,264,8/9/2022,white,313751
"QLED Q80A (75"", Purple frame)",TVs,1999,180,342,Samsung,8.7,275,7/9/2022,purple,683658
Apex Raw (Blue),Keyboards,79.99,98,640,SteelSeries,8.75,507,4/17/2023,blue,51193.6
"NMD R1 (Yellow, EU 38)",Shoes,140,0,869,Adidas,8.75,697,1/16/2025,yellow,121660
G Pro Mechanical (Gray),Keyboards,129.99,4,779,Logitech,8.75,624,5/20/2020,gray,101262.21
"Poco F3 (512GB, Gray)",Smartphones,399,0,642,Xiaomi,,522,4/8/2025,gray,256158
Harry Potter Hogwarts Castle (71043) (Orange),Toys,469.99,0,406,LEGO,9.6,331,8/11/2022,orange,190815.94
"Galaxy Tab S7 FE (256GB, Black)",Tablets,529.99,0,50,Samsung,8.6,39,7/23/2025,black,26499.5
Strandmon Wing Chair (Gray),Furniture,279,0,9,IKEA,8.6,7,8/6/2025,gray,2511
"AirPods (2nd generation) (Wired, Green)",Headphones,129,0,538,Apple,8.7,435,8/11/2024,red,69402
Porter Panel Bed (Gray),Furniture,450,21,768,Ashley Furniture,8.5,614,8/15/2025,gray,345600
"ZenBook 14 UX425 (128GB, Gray)",Laptops,799,67,437,Asus,8.5,355,10/9/2020,gray,349163
"Alphaskin Tights (Yellow, XS)",Clothing,40,97,895,Adidas,8.5,706,9/12/2021,yellow,35800
"XPS 15 (9500) (64GB, Blue)",Laptops,2500,181,668,Dell,8.75,529,6/24/2023,blue,1670000
"WH-XB900N (Wired, Black)",Headphones,149.99,166,975,Sony,8.75,772,8/2/2020,red,146240.25
Mistana Armchair (Red),Furniture,300,0,377,Wayfair,8.5,295,11/22/2020,red,113100
"Launch SW 7"" Shorts (Green, XXL)",Clothing,35,412,473,Under Armour,8.75,372,9/16/2022,green,16555
K380 (Brown),Keyboards,39.99,402,373,Logitech,8.75,297,3/12/2021,brown,14916.27
"Momentum 2.0 (Wired, Yellow)",Headphones,230,373,180,Sennheiser,,147,8/17/2022,red,41400
"7 Pro (1TB, Green)",Smartphones,749,470,459,OnePlus,8.5,370,5/31/2020,green,343791
Bjursta Extendable Table (Red),Furniture,249,492,160,IKEA,8.5,127,8/23/2020,red,39840
"Redmi Note 11 (128GB, Purple)",Smartphones,220,311,659,Xiaomi,8.5,522,9/1/2023,red,144980
VCS (2021) (White),Gaming Consoles,299.99,79,3,Atari,7.5,1,6/9/2025,white,899.97
"Evolve2 65 (Wireless, Yellow)",Headphones,249.99,0,825,Jabra,8.75,633,4/16/2020,yellow,206241.75
Pax Wardrobe (White),Furniture,500,150,25,IKEA,8.5,18,3/25/2020,white,12500
"Pro HyperWarm Top (Purple, M)",Clothing,60,0,932,Nike,8.75,751,1/5/2021,purple,55920
G512 Carbon (Orange),Keyboards,99.99,148,14,Logitech,8.75,10,12/21/2025,orange,1399.86
Genesis Mini (Purple),Gaming Consoles,79.99,219,596,Sega,8.75,493,1/9/2023,purple,47674.04
"iPad Air (2020) (256GB, White)",Tablets,749,,56,Apple,9.2,45,2/22/2020,white,41944
"MatePad T10 (64GB, Blue)",Tablets,150,162,275,Huawei,7.5,223,7/29/2022,blue,41250
Willenburg Upholstered Bed (Blue),Furniture,450,410,809,Ashley Furniture,8.75,651,3/21/2021,red,364050
"EliteBook 840 G6 (1TB, Orange)",Laptops,1200,447,110,HP,,91,8/19/2023,orange,132000
City Police Station (60141) (Red),Toys,99.99,59,195,LEGO,8.75,159,4/20/2024,red,19498.05
Apex Pro (Red),Keyboards,199.99,0,969,SteelSeries,,764,5/9/2021,red,193790.31
Wireless Mouse 900 (White),Mice,29.99,197,319,Microsoft,8.5,247,5/16/2025,white,9566.81
"Ultraboost 21 (Brown, EU 38)",Shoes,180,259,750,Adidas,8.75,583,7/8/2024,brown,135000
Magic Trackpad (2021) (White),Mice,129,0,651,Apple,8.75,524,8/13/2022,white,83979
"SoundLink Around-Ear II (Wireless, Purple)",Headphones,229,465,239,Bose,8.75,195,7/12/2021,purple,54731
Edge Water Computer Desk (Blue),Furniture,180,366,974,Sauder,8.5,748,1/4/2024,blue,175320
Smart WiFi (Gray),Kitchen,49.99,291,369,Instant Pot,8.75,291,6/11/2020,gray,18446.31
Monster High Doll (Purple),Toys,24.99,398,66,Mattel,8.75,55,10/11/2022,purple,1649.34
PlayStation Classic (Green),Gaming Consoles,100,0,331,Sony,7.5,270,9/15/2024,green,33100
"Noise Cancelling Headphones 700 (Wireless, Yellow)",Headphones,379,271,80,Bose,8.75,62,8/24/2022,yellow,30320
Arc Mouse (Purple),Mice,79.99,0,514,Microsoft,8.45,412,9/3/2024,purple,41114.86
Designer Compact Keyboard (Green),Keyboards,129.99,0,79,Microsoft,8.75,64,7/31/2020,green,10269.21
Apex Pro (Green),Keyboards,199.99,385,347,SteelSeries,9,281,8/3/2022,green,69396.53
"Ribcage Straight Ankle (Green, XS)",Clothing,98,132,615,Levi's,8.75,488,8/5/2025,green,60270
Sense (Black),Watches,299.95,60,874,Fitbit,8.75,709,9/3/2020,black,262156.3
"EliteBook 840 G6 (64GB, Gray)",Laptops,1200,361,281,HP,8.5,220,8/16/2025,gray,337200
Wired Keyboard 600 (Blue),Keyboards,25,0,261,Microsoft,8.5,197,1/5/2025,red,6525
"MacBook Pro 14 (2023) (128GB, Orange)",Laptops,1999,399,5,Apple,9.3,4,5/22/2025,orange,9995
"WH-CH710N (Wired, Brown)",Headphones,99.99,159,247,Sony,8.35,203,5/2/2021,red,24697.53
Foodi Multi-Cooker (Purple),Kitchen,249.99,84,819,Ninja,8.7,660,5/1/2022,purple,204741.81
Apex 7 (Green),Keyboards,130,0,231,SteelSeries,9.2,179,3/8/2022,green,30030
"Zig Kinetica (Blue, EU 44)",Shoes,120,463,900,Reebok,8.35,707,1/21/2024,blue,108000
"IdeaPad 5 (1TB, White)",Laptops,850,0,213,Lenovo,8.25,162,8/13/2021,white,181050
"Mate 40 (1TB, Black)",Smartphones,1299,75,872,Huawei,8.5,700,7/31/2020,black,1132728
"SoundTrue Ultra (Wireless, Black)",Headphones,149,0,263,Bose,,211,2/24/2023,black,39187
"990v5 (Green, EU 39)",Shoes,185,325,659,New Balance,8.75,549,6/10/2021,green,121915
"MacBook Air (2017) (512GB, White)",Laptops,750,171,573,Apple,8.5,455,7/29/2025,white,429750
Baby Learning Table (Blue),Toys,39.99,49,363,Fisher-Price,8.75,285,1/11/2024,blue,14516.37
G213 Prodigy (Gray),Keyboards,49.99,105,157,Logitech,8.75,118,8/22/2022,gray,7848.43
Battleship (Blue),Toys,24.99,0,758,Hasbro,8.75,624,10/17/2024,blue,18942.42
"AirPods Max (Wireless, Red)",Headphones,549,17,707,Apple,8.7,569,6/28/2024,red,388143
Genesis (Black),Gaming Consoles,50,0,442,Sega,,365,7/9/2021,black,22100
"IdeaPad Duet 3 (1TB, Orange)",Tablets,499.99,423,525,Lenovo,8.2,409,2/11/2022,orange,262494.75
"ZenBook Duo 14 (64GB, Gray)",Laptops,1800,313,125,Asus,8.75,100,12/7/2024,gray,225000
Ornata Chroma (Black),Keyboards,99.99,0,30,Razer,8.75,25,12/4/2020,black,2999.7
Max (Gray),Kitchen,119.95,446,839,Instant Pot,,657,12/13/2021,gray,100638.05
"Surface Pro 8 (1TB, Brown)",Tablets,1699,208,206,Microsoft,8.85,164,4/22/2020,brown,349994
"CrossFit Nano 9 (Yellow, EU 46)",Shoes,130,0,514,Reebok,8.75,402,2/6/2021,yellow,66820
Etch A Sketch (Gray),Toys,15.99,200,460,Spin Master,8.5,371,10/30/2022,gray,7355.4
"Adizero Adios Pro (Blue, EU 40)",Shoes,250,152,78,Adidas,8.75,53,4/2/2022,blue,19500
Xbox 360 Elite (Green),Gaming Consoles,250,32,620,Microsoft,7.5,494,10/6/2023,green,155000
"Beats Flex (Wireless, Black)",Headphones,69.99,336,16,Apple,8.5,14,12/1/2023,black,1119.84
"P40 Pro (1TB, Brown)",Smartphones,1199,307,448,Huawei,8.4,356,8/25/2023,brown,537152
"MatePad T8 (512GB, Red)",Tablets,150,235,398,Huawei,7.5,319,6/7/2022,red,59700
Palladia Armoire (Yellow),Furniture,399.99,297,57,Sauder,8.45,47,9/24/2023,yellow,22799.43
"Samba (Gray, EU 46)",Shoes,100,172,213,Adidas,9.2,179,10/22/2025,gray,21300
K70 RGB MK.2 (Purple),Keyboards,159.99,0,314,Corsair,9.25,265,12/5/2023,purple,50236.86
"Storm Cyclone Jacket (Black, XL)",Clothing,150,0,637,Under Armour,8.75,531,11/27/2022,black,95550
DeathAdder V2 (Purple),Mice,69.99,0,88,Razer,8.75,69,3/24/2025,purple,6159.12
PlayStation 3 (Green),Gaming Consoles,100,0,452,Sony,7.5,367,10/12/2024,green,45200
Wireless Mobile Mouse 4000 (Brown),Mice,29.99,0,248,Microsoft,8.2,191,11/2/2024,brown,7437.52
"SB Icon Hoodie (Blue, L)",Clothing,65,305,212,Nike,8.75,179,10/8/2022,blue,13780
Battleship (Purple),Toys,24.99,0,232,Hasbro,8.5,183,5/25/2025,purple,5797.68
Hot and Cold Brewed System (Green),Kitchen,159.99,231,612,Ninja,9.2,494,11/29/2024,green,97913.88
All-in-One Media Keyboard (Brown),Keyboards,39.99,0,452,Microsoft,,372,5/24/2023,brown,18075.48
M330 Silent Plus (Green),Mice,25.99,179,419,Logitech,,338,6/17/2020,green,10889.81
Luxe (Gray),Watches,129.95,0,149,Fitbit,8.5,121,10/6/2021,gray,19362.55
2-Slice Toaster (Gray),Kitchen,49.99,0,782,KitchenAid,8.5,628,1/31/2024,gray,39092.18
"OLED CX (55"", Gray frame)",TVs,1399,0,586,LG,9.2,464,2/14/2020,gray,819814
"Surface Go (256GB, Red)",Tablets,549.99,0,508,Microsoft,8.5,412,5/14/2023,red,279394.92
MX Master 2S (Purple),Mice,75,87,430,Logitech,8.75,338,8/30/2025,purple,32250
Surface Mobile Mouse (Orange),Mice,34.99,349,486,Microsoft,8.5,396,8/20/2020,orange,17005.14
"Surface Go 2 (1TB, Orange)",Tablets,799.99,465,862,Microsoft,8.5,669,3/12/2023,orange,689591.38
"511 Slim Jeans (Purple, M)",Clothing,69.5,0,943,Levi's,8.75,746,8/6/2022,purple,65538.5
"Smash (Purple, EU 39)",Shoes,60,369,261,Puma,8.2,217,12/26/2020,purple,15660
Aerox 5 Wireless (Yellow),Mice,129.99,141,928,SteelSeries,8.75,732,4/15/2022,yellow,120630.72
"SoundTrue Ultra (Wired, Blue)",Headphones,129.95,60,362,Bose,8.75,295,1/31/2025,red,47041.9
"MatePad T8 (256GB, Green)",Tablets,169,99,325,Huawei,7.5,271,11/21/2022,green,54925
Galaxy Fit (Black),Watches,99.99,270,798,Samsung,8.5,644,11/21/2024,black,79792.02
Charge 4 (Black),Watches,129.95,58,357,Fitbit,8.4,275,6/4/2022,black,46392.15
"iPad Pro 11 (2020) (64GB, Black)",Tablets,799,0,213,Apple,9.5,171,8/24/2023,black,170187
Malm Bed Frame (Purple),Furniture,249,0,11,IKEA,8.25,8,2/9/2025,purple,2739
Connect 4 (Purple),Toys,9.99,0,316,Hasbro,8.5,251,1/21/2024,purple,3156.84
"RC Elite (Blue, EU 38)",Shoes,225,258,407,New Balance,8.75,320,12/29/2024,blue,91575
Magic Mouse 2 (Brown),Mice,79,344,309,Apple,8.5,246,9/21/2023,brown,24411
"55R635 (43"", Black frame)",TVs,350,0,157,TCL,8.75,127,10/21/2024,black,54950
Food Processor KFP1466 (Purple),Kitchen,299.99,0,915,KitchenAid,8.75,748,4/10/2025,purple,274490.85
Surface Mobile Mouse (Blue),Mice,34.99,0,921,Microsoft,8.2,726,2/10/2020,blue,32225.79
"Alienware m15 R3 (256GB, Black)",Laptops,1300,467,766,Dell,8.5,607,5/15/2020,black,995800
"Sportswear Club Fleece Joggers (White, XS)",Clothing,50,291,841,Nike,8.75,663,1/23/2024,white,42050
"MacBook Air M2 (2022) (256GB, Orange)",Laptops,1099,51,996,Apple,8.75,799,1/20/2020,orange,1094604
"Iso-Chill Shorts (Black, S)",Clothing,45,262,651,Under Armour,,,10/28/2023,black,29295
Fenix 7 (Orange),Watches,699,5,619,Garmin,9.25,491,5/10/2020,orange,432681
Sculpt Comfort Mouse (Black),Mice,29.99,0,909,Microsoft,8.5,732,6/18/2024,black,27260.91
"Galaxy Tab S7 (512GB, Yellow)",Tablets,749.99,69,558,Samsung,8.8,455,10/6/2025,yellow,418494.42
"Yoga Smart Tab (256GB, Brown)",Tablets,300,0,133,Lenovo,8.5,109,9/24/2020,brown,39900
"50S535 (65"", Brown frame)",TVs,699.99,296,541,TCL,8.75,439,8/15/2025,brown,378694.59
"Bravia A90J (55"", Blue frame)",TVs,1999.99,0,692,Sony,9.3,536,12/17/2020,blue,1383993.08
Aerox 5 Wireless (Green),Mice,139.99,364,990,SteelSeries,8.75,790,2/21/2021,green,138590.1
G-Shock GA2100 (White),Watches,99,0,615,Casio,8.75,484,1/5/2020,white,60885
Computer Desk (Green),Furniture,129.99,430,419,Sauder,8.25,345,12/18/2023,green,54465.81
Operation (Blue),Toys,19.99,490,77,Hasbro,8.45,61,10/10/2022,blue,1539.23
"Legacy Lifter (Yellow, EU 44)",Shoes,200,0,834,Reebok,8.75,687,6/28/2022,yellow,166800
"Evolve2 85 (Wired, Black)",Headphones,249,141,511,Jabra,8.75,405,9/13/2020,red,127239
"Manchester United Home Jersey (Red, S)",Clothing,90,4,810,Adidas,8.75,633,12/20/2023,red,72900
Darcy Sofa (Green),Furniture,549.99,0,161,Ashley Furniture,8.75,119,1/27/2021,green,88548.39
Brilliant Basics Corn Popper (Red),Toys,10.99,0,929,Fisher-Price,8.5,747,8/7/2022,red,10209.71
Precision Brewer (Green),Kitchen,299.95,0,1,Breville,8.75,1,7/11/2025,green,299.95
Transformers Bumblebee (Black),Toys,24.99,32,469,Hasbro,8.75,360,1/14/2023,black,11720.31
"MacBook Air (2019) (512GB, Green)",Laptops,1099,177,905,Apple,8.75,713,12/7/2021,green,994595
Mamba Elite (Brown),Mice,89.99,63,292,Razer,8.75,240,11/24/2020,brown,26277.08
"P20 (512GB, Purple)",Smartphones,749,0,844,Huawei,8.5,666,10/25/2023,purple,632156
Three Posts Reistville Panel Bed (Red),Furniture,250,396,457,Wayfair,8.5,375,10/13/2024,red,114250
"65PUS8504 (55"", Brown frame)",TVs,700,417,631,Philips,8.5,495,11/24/2020,brown,441700
PS TV (Blue),Gaming Consoles,99.99,346,920,Sony,8.5,729,2/9/2023,blue,91990.8
G Pro Wireless (White),Mice,129.99,0,814,Logitech,9.25,648,11/19/2024,white,105811.86
PSP (Brown),Gaming Consoles,120,71,50,Sony,8.75,39,9/8/2024,brown,6000
"Workout Plus (Gray, EU 42)",Shoes,85,0,444,Reebok,8.5,351,11/6/2023,gray,37740
G-Shock GA700 (White),Watches,99,440,812,Casio,7.5,658,6/9/2024,white,80388
"Originals Trefoil Hoodie (Orange, L)",Clothing,65,262,692,Adidas,8.75,569,4/25/2025,orange,44980
"Yoga Slim 7 (512GB, Red)",Laptops,950,369,25,Lenovo,8.75,22,7/31/2024,red,23750
"Galaxy Tab S7 FE (64GB, Brown)",Tablets,449.99,0,479,Samsung,7.8,367,11/22/2023,brown,215545.21
Sorry! (Brown),Toys,9.99,0,825,Hasbro,8.5,659,6/18/2023,brown,8241.75
"5-Series S546 (65"", Gray frame)",TVs,699,340,60,TCL,8.45,52,3/13/2021,gray,41940
Porter Panel Bed (Red),Furniture,500,0,647,Ashley Furniture,8.5,513,8/30/2024,red,323500
"iPhone 13 (128GB, White)",Smartphones,699,235,860,Apple,9.2,713,3/13/2025,white,601140
"iPhone X (512GB, Green)",Smartphones,999,245,12,Apple,8.75,11,4/20/2025,green,11988
"4-Series 55S435 (50"", Green frame)",TVs,299.99,0,411,TCL,7.8,322,7/26/2022,green,123295.89
Pico (Purple),Gaming Consoles,100,0,671,Sega,7.5,531,10/24/2021,purple,67100
"Bravia X950H (65"", Black frame)",TVs,1199,325,489,Sony,8.75,403,3/13/2025,black,586311
"Galaxy S20 (512GB, Brown)",Smartphones,1199,0,140,Samsung,8.75,117,11/16/2022,brown,167860
Master Prep Professional (Brown),Kitchen,49.99,363,87,Ninja,8.75,67,7/4/2020,brown,4349.13
Natural Ergonomic Keyboard 4000 (Gray),Keyboards,49.99,0,599,Microsoft,8.5,466,8/26/2025,gray,29944.01
Cottage Road Coffee Table (White),Furniture,150,423,168,Sauder,8.25,134,6/15/2021,white,25200
"ThinkPad X1 Carbon (7th Gen) (256GB, Red)",Laptops,1100,0,39,Lenovo,8.75,30,6/21/2023,red,42900
Edge Water Computer Desk (Green),Furniture,200,296,717,Sauder,8.5,553,8/1/2024,green,143400
"Galaxy Tab Active3 (256GB, Red)",Tablets,650,270,473,Samsung,8.25,395,6/10/2025,red,307450
7800 (Green),Gaming Consoles,199.99,54,320,Atari,8.75,269,3/23/2020,green,63996.8
Technic Bugatti Chiron (42083) (Green),Toys,349.99,483,124,LEGO,9.45,107,10/5/2020,green,43398.76
Bluetooth Keyboard (Brown),Keyboards,49.99,498,972,Microsoft,8.75,773,8/4/2021,blue,48590.28
Monster Jam RC (Gray),Toys,79.99,69,275,Spin Master,8.5,233,3/26/2023,gray,21997.25
"Rox Wireless (Wired, Orange)",Headphones,79.99,0,737,Jabra,8.4,571,7/18/2020,red,58952.63
"Air Force 1 (Red, EU 42)",Shoes,120,469,364,Nike,8.75,293,5/15/2020,red,43680
"iPad Pro 12.9 (2021) (1TB, White)",Tablets,1799,0,254,Apple,9.55,196,2/2/2021,white,456946
Game Boy Advance (Orange),Gaming Consoles,80,409,220,Nintendo,8.5,169,1/5/2025,orange,17600
Nutri Pro Blender (Green),Kitchen,89.99,216,506,Ninja,8.75,395,2/15/2022,green,45534.94
"Pro Tights (Blue, XXL)",Clothing,65,421,66,Nike,8.75,56,5/5/2020,blue,4290
"Bravia X90J (75"", Black frame)",TVs,2199,0,234,Sony,8.8,185,9/24/2023,black,514566
"Condivo 20 Training Top (Yellow, XXL)",Clothing,60,319,641,Adidas,8.5,498,1/16/2022,yellow,38460
K70 Pro Mini Wireless (Gray),Keyboards,179.99,42,282,Corsair,8.75,231,3/29/2021,gray,50757.18
Surface Keyboard (Brown),Keyboards,99.99,0,435,Microsoft,8.5,340,11/10/2025,brown,43495.65
"65R635 (43"", Red frame)",TVs,449,431,221,TCL,8.75,180,6/19/2025,red,99229
"Surface Go 3 (256GB, Yellow)",Tablets,599,180,995,Microsoft,7.8,798,8/28/2025,yellow,596005
"Cali (Green, EU 46)",Shoes,85,0,219,Puma,8.25,174,11/11/2024,green,18615
"ThinkPad X12 Detachable (64GB, Brown)",Tablets,1200,405,644,Lenovo,8.75,501,5/17/2020,brown,772800
Approach S62 (Purple),Watches,499.99,0,393,Garmin,9.2,316,1/25/2025,purple,196496.07
"Galaxy S22 (128GB, Gray)",Smartphones,699,0,621,Samsung,8.75,487,6/4/2023,gray,434079
"Surface Pro 7+ (256GB, Blue)",Tablets,1199,239,673,Microsoft,8.5,534,5/9/2021,blue,806927
"Cortez (Red, EU 44)",Shoes,90,0,562,Nike,8.75,452,7/6/2025,red,50580
G512 Carbon (Red),Keyboards,99,433,241,Logitech,8.75,200,4/26/2023,red,23859
"AirPods (1st generation) (Wired, Orange)",Headphones,129,0,791,Apple,7.8,627,6/22/2020,red,102039
"CrossFit Nano 9 (White, EU 44)",Shoes,130,390,404,Reebok,8.75,322,3/15/2020,white,52520
"ThinkPad X1 Carbon (7th Gen) (128GB, Green)",Laptops,1200,128,69,Lenovo,8.75,59,3/8/2022,green,82800
"Denim Jacket (Green, M)",Clothing,39.99,236,759,H&M,8.25,601,5/19/2025,green,30352.41
"55OLED806 (75"", Green frame)",TVs,2499,143,568,Philips,8.55,445,7/30/2023,green,1419432
Rubik's Cube (Brown),Toys,9.99,223,815,Spin Master,8.5,660,12/6/2024,brown,8141.85
"721 High Rise Skinny (Black, XS)",Clothing,89.5,441,660,Levi's,,534,11/14/2021,black,59070
"iPad mini (2021) (64GB, Green)",Tablets,499,0,692,Apple,9,572,12/4/2022,green,345308
PSP (White),Gaming Consoles,120,33,330,Sony,8.5,270,5/14/2021,white,39600
Ektorp Sofa (Yellow),Furniture,499,447,339,IKEA,8.3,271,11/12/2020,yellow,169161
K400 Plus (Green),Keyboards,34.99,0,674,Logitech,8.5,553,6/28/2025,green,23583.26
"XPS 13 (9370) (1TB, Black)",Laptops,1299,281,122,Dell,8.7,100,6/25/2023,black,158478
"8 (1TB, Brown)",Smartphones,899,454,366,OnePlus,8.75,298,3/13/2020,brown,329034
G502 HERO (Gray),Mice,49.99,0,253,Logitech,9.25,200,3/18/2021,gray,12647.47
"530 (Black, EU 42)",Shoes,99.99,0,527,New Balance,8.75,419,6/29/2021,black,52694.73
Caper Chair (Red),Furniture,395,298,440,Herman Miller,8.75,358,2/28/2024,red,173800
"Galaxy S21 (128GB, Blue)",Smartphones,699,182,88,Samsung,8.75,74,9/1/2025,blue,61512
"Basic Hoodie (Blue, XXL)",Clothing,34.99,416,616,H&M,7.8,486,12/15/2025,blue,21553.84
Saturn (Green),Gaming Consoles,120,371,637,Sega,8.5,483,3/21/2021,green,76440
Wireless Mouse 900 (Red),Mice,24.99,140,46,Microsoft,8.5,39,6/18/2024,red,1149.54
"Pleated Skirt (Yellow, XL)",Clothing,29.99,120,93,H&M,7.85,72,3/13/2021,yellow,2789.07
KSB1570ER 5-Speed Blender (Green),Kitchen,99.99,117,79,KitchenAid,8.75,58,6/1/2021,green,7899.21
"10 Pro (512GB, Brown)",Smartphones,849,0,835,OnePlus,8.75,650,12/12/2023,brown,708915
"MacBook Pro 14 (2021) (128GB, Black)",Laptops,1999,0,652,Apple,9.25,501,2/11/2021,black,1303348
"Tiro 21 Track Pants (Orange, XL)",Clothing,50,320,568,Adidas,8.75,438,2/2/2024,orange,28400
"Galaxy Tab S5e (64GB, Orange)",Tablets,350,0,514,Samsung,8.5,410,12/4/2020,orange,179900
Venu (Red),Watches,299.99,265,772,Garmin,,634,3/15/2025,red,231592.28
Little People School Bus (Green),Toys,14.99,147,861,Fisher-Price,9.15,697,4/4/2020,green,12906.39
"Club C 85 (Black, EU 40)",Shoes,85,335,154,Reebok,8.5,118,11/21/2024,black,13090
Barista Express (Blue),Kitchen,699.95,306,312,Breville,9.2,253,10/5/2025,blue,218384.4
Cottage Road Coffee Table (Brown),Furniture,150,375,44,Sauder,,39,4/23/2020,brown,6600
"Sport Earbuds (Wireless, Red)",Headphones,179,439,750,Bose,9.2,591,5/28/2021,red,134250
Cold Brew Coffee Maker (Black),Kitchen,89.99,11,805,KitchenAid,8.75,658,3/30/2023,black,72441.95
"Gazelle (White, EU 38)",Shoes,85,162,585,Adidas,,483,8/26/2021,white,49725
Rubik's Cube (Blue),Toys,9.99,128,234,Spin Master,8.47,196,5/22/2023,blue,2337.66
Basilisk V3 (White),Mice,69.99,1,741,Razer,8.75,579,6/17/2024,white,51862.59
"70PUS8505 (75"", Red frame)",TVs,1200,490,566,Philips,8.5,460,1/6/2024,red,679200
"Bravia A8H (65"", Yellow frame)",TVs,1999,95,256,Sony,,198,11/9/2020,yellow,511744
5-Shelf Bookcase (Brown),Furniture,130,133,198,Sauder,8.5,164,10/30/2025,brown,25740
"Redmi Note 9 (1TB, White)",Smartphones,399,0,563,Xiaomi,8.3,436,1/31/2025,red,224637
Kinetic Sand (Green),Toys,10.99,440,758,Spin Master,8.75,618,1/28/2024,green,8330.42
Sense (Red),Watches,299.95,331,494,Fitbit,8.75,396,12/17/2020,red,148175.3
"ExpertBook B9 (128GB, Orange)",Laptops,1500,375,827,Asus,8.75,672,1/8/2020,orange,1240500
Xbox 360 Arcade (Blue),Gaming Consoles,199.99,0,881,Microsoft,7.5,711,9/4/2024,blue,176191.19
Wired Keyboard 600 (Gray),Keyboards,19.99,426,825,Microsoft,8.5,666,5/29/2020,red,16491.75
Xbox 360 Arcade (Orange),Gaming Consoles,99.99,99,334,Microsoft,7.8,264,4/26/2022,orange,33396.66
"8-Series Q825 (65"", Black frame)",TVs,1099,290,458,TCL,8.3,373,5/9/2024,black,503342
BlackWidow Lite (Orange),Keyboards,89.99,0,82,Razer,8.6,59,1/15/2020,black,7379.18
Sense (Brown),Watches,299.95,0,215,Fitbit,8.75,177,2/12/2023,brown,64489.25
"Zoom Freak 3 (Black, EU 38)",Shoes,120,477,21,Nike,8.75,20,10/25/2025,black,2520
"Faux Leather Biker Jacket (Orange, L)",Clothing,49.99,224,778,H&M,7.75,623,3/13/2021,orange,38892.22
"Iso-Chill Shorts (Brown, XS)",Clothing,35,356,644,Under Armour,8.5,511,2/7/2021,brown,22540
MX Master 3 (Blue),Mice,99.99,162,310,Logitech,9.2,251,12/15/2024,blue,30996.9
"Galaxy Tab S7 FE (1TB, Orange)",Tablets,799,0,572,Samsung,8.5,454,6/4/2020,orange,457028
"AirPods (3rd generation) (Wireless, Gray)",Headphones,169,0,776,Apple,8.75,636,3/20/2023,gray,131144
USB Mouse (Yellow),Mice,29.99,326,730,Apple,8.3,579,9/15/2025,yellow,21892.7
"Mi 11 (64GB, Green)",Smartphones,400,204,438,Xiaomi,8.5,332,5/15/2021,green,175200
"Bravia X900H (65"", Yellow frame)",TVs,1099.99,195,357,Sony,8.75,271,1/1/2023,yellow,392696.43
"RS-X3 (Blue, EU 39)",Shoes,110,0,267,Puma,8.25,203,11/19/2024,blue,29370
"iPad Pro 12.9 (2021) (512GB, Green)",Tablets,1299,343,900,Apple,9.2,699,3/3/2025,green,1169100
"6T (64GB, Gray)",Smartphones,299,0,51,OnePlus,8.5,44,5/31/2020,gray,15249
Aerox 5 Wireless (Gray),Mice,119.99,438,674,SteelSeries,8.75,544,11/17/2023,gray,80873.26
Viva (Green),Kitchen,129.99,0,535,Instant Pot,8.75,436,10/23/2020,green,69544.65
Watch Series 7 (Brown),Watches,399,430,906,Apple,9.2,721,10/9/2020,brown,361494
Watch Series 4 (Black),Watches,399,0,665,Apple,8.75,535,5/4/2023,black,265335
"Smash (Black, EU 46)",Shoes,60,0,875,Puma,8.5,712,5/18/2020,black,52500
BlackWidow Elite (Red),Keyboards,129.99,0,604,Razer,8.75,474,10/27/2020,red,78513.96
Classic Brick Set (10717) (Orange),Toys,49.99,86,496,LEGO,9.2,381,3/15/2021,orange,24795.04
"Surface Pro 8 (256GB, Brown)",Tablets,1099.99,0,734,Microsoft,,,5/28/2024,brown,807392.66
"MacBook Pro 16 (2021) (128GB, Yellow)",Laptops,2399,55,304,Apple,8.75,248,6/8/2023,yellow,729296
"P30 (128GB, Purple)",Smartphones,350,218,728,Huawei,8,577,5/11/2024,purple,254800
Xbox (Blue),Gaming Consoles,299.99,461,292,Microsoft,8.75,236,2/5/2021,blue,87597.08
"ThinkBook 15 (64GB, Black)",Laptops,1200,0,297,Lenovo,8.5,239,2/8/2021,black,356400
Apex Raw (Gray),Keyboards,129.99,250,846,SteelSeries,8.65,698,4/3/2021,gray,109971.54
Mercury Row Merwin TV Stand (Orange),Furniture,250,0,869,Wayfair,8.75,684,10/15/2023,orange,217250
G-Shock DW5600 (Gray),Watches,100,266,659,Casio,8.45,520,1/25/2021,gray,65900
"Elite Active 75t (Wireless, Brown)",Headphones,150,478,1000,Jabra,8.75,807,5/27/2025,brown,150000
"iPhone 13 (256GB, White)",Smartphones,899,19,317,Apple,9.3,243,6/9/2024,white,284983
Polly Pocket (Orange),Toys,14.99,333,299,Mattel,8.75,234,1/4/2020,orange,4482.01
Lancehead TE (Yellow),Mice,79.99,0,299,Razer,8.75,249,5/15/2022,yellow,23917.01
Watch Series 6 (Yellow),Watches,399,346,370,Apple,8.75,299,7/18/2024,yellow,147630
Game Boy Advance (Gray),Gaming Consoles,80,54,184,Nintendo,8.5,150,8/18/2022,gray,14720
Jenga (White),Toys,19.99,0,512,Hasbro,8.5,409,8/17/2021,white,10234.88
Paw Patrol Mighty Lookout Tower (Black),Toys,129.99,0,397,Spin Master,8.65,312,5/21/2024,black,51606.03
"Workout Plus (Red, EU 46)",Shoes,80,196,937,Reebok,8.75,730,9/4/2020,red,74960
Watch Series 2 (White),Watches,249,87,279,Apple,8.5,222,7/1/2023,white,69471
Watch Series 8 (Yellow),Watches,399,0,619,Apple,8.6,496,6/27/2023,yellow,246981
Shoal Creek Dresser (Brown),Furniture,250,178,613,Sauder,8.5,500,4/4/2022,brown,153250
Juice Fountain Elite (Yellow),Kitchen,299.95,452,623,Breville,8.75,504,7/31/2024,yellow,186868.85
"Disc Blaze (Orange, EU 46)",Shoes,120,347,245,Puma,8.3,204,3/25/2021,orange,29400
Magic Mouse (Late 2022) (Red),Mice,99,254,243,Apple,8.5,192,7/18/2021,red,24057
"AirPods (1st generation) (Wired, Gray)",Headphones,50,0,787,Apple,7.5,617,5/19/2024,red,39350
Air Fryer XXL (Yellow),Kitchen,249.99,474,175,Philips,9.25,142,9/24/2021,yellow,43748.25
Inspire HR (Blue),Watches,99.95,283,185,Fitbit,8.5,146,8/10/2023,blue,18490.75
"MDR-7506 (Wired, Purple)",Headphones,99.99,0,539,Sony,9.2,413,7/17/2022,red,53894.61
"Momentum 2.0 (Wireless, Purple)",Headphones,300,112,61,Sennheiser,8.75,52,10/26/2020,purple,18300
Flashback Portable (White),Gaming Consoles,49.99,103,839,Atari,7.5,673,12/3/2022,white,41941.61
"IdeaPad Duet Chromebook (512GB, Brown)",Tablets,499,73,961,Lenovo,8.5,756,10/6/2020,brown,479539
Apex 3 (White),Keyboards,49.99,0,3,SteelSeries,8.75,2,1/9/2023,white,149.97
MX Master (Black),Mice,99.99,474,518,Logitech,9.25,424,7/30/2023,black,51794.82
"12 (256GB, Gray)",Smartphones,250,,182,Xiaomi,8.5,141,7/5/2023,gray,45500
"Sherpa Trucker Jacket (Blue, XL)",Clothing,98,276,380,Levi's,8.75,308,9/13/2023,blue,37240
"Stan Smith (Purple, EU 42)",Shoes,100,0,289,Adidas,8.75,230,12/25/2023,purple,28900
DeathAdder Essential (Gray),Mice,30,0,448,Razer,8.5,353,5/1/2023,gray,13440
"Rival Fleece Hoodie (Black, XXL)",Clothing,55,124,561,Under Armour,8.7,458,2/12/2020,black,30855
Mega Drive Mini (Blue),Gaming Consoles,79.99,0,786,Sega,8.75,625,1/28/2020,blue,62872.14
"5-Series S546 (50"", Black frame)",TVs,429.99,0,670,TCL,8.45,527,9/19/2023,black,288093.3
Computer Desk (Brown),Furniture,149.99,437,466,Sauder,8.75,370,8/3/2025,brown,69895.34
"HD 800S (Wireless, Blue)",Headphones,1699,93,17,Sennheiser,9.5,11,9/3/2023,blue,28883
Billy Bookcase (Gray),Furniture,79.99,0,448,IKEA,8.75,358,6/18/2024,gray,35835.52
Huntsman Mini (Blue),Keyboards,129.99,304,78,Razer,8.5,59,9/27/2024,blue,10139.22
G903 Lightspeed (Green),Mice,129.99,0,909,Logitech,9.2,745,5/10/2024,green,118160.91
Apex Raw (Green),Keyboards,200,0,781,SteelSeries,8.75,609,4/5/2021,green,156200
BlackWidow V3 (Blue),Keyboards,139.99,25,504,Razer,8.75,407,2/19/2020,blue,70554.96
Sand & Stable Bar Stool (Black),Furniture,130,327,943,Wayfair,8.5,745,11/17/2024,black,122590
Precision Brewer (Red),Kitchen,299.95,0,790,Breville,9.2,646,8/29/2024,red,236960.5
Laugh & Learn Smart Stages Puppy (Black),Toys,24.99,322,516,Fisher-Price,9.2,413,10/10/2022,black,12894.84
Smart WiFi (Black),Kitchen,89.99,0,43,Instant Pot,8.75,40,2/7/2023,black,3869.57
"Beats Flex (Wireless, Gray)",Headphones,69.99,223,200,Apple,8.5,170,7/14/2024,gray,13998
"WH-1000XM3 (Wired, Purple)",Headphones,199.99,0,657,Sony,8.75,520,8/18/2022,red,131393.43
Nutri Pro Blender (White),Kitchen,139.99,456,82,Ninja,8.8,61,8/26/2025,white,11479.18
K63 Wireless (Orange),Keyboards,89.99,0,566,Corsair,8.5,471,7/23/2023,orange,50934.34
"Galaxy S21 (256GB, Purple)",Smartphones,749,0,873,Samsung,8.9,680,1/14/2022,purple,653877
Xbox One X (Purple),Gaming Consoles,499.99,292,379,Microsoft,8.75,291,8/16/2022,purple,189496.21
"Air Max 90 (Orange, EU 46)",Shoes,120,428,928,Nike,9.2,736,5/25/2022,orange,111360
"Trucker Jacket (Green, M)",Clothing,89.5,387,493,Levi's,8.75,410,2/6/2023,green,44123.5
Sayl Chair (Yellow),Furniture,545,0,956,Herman Miller,8.75,763,7/18/2022,yellow,521020
"Evolve2 65 (Wired, Blue)",Headphones,120,419,934,Jabra,8.75,724,7/27/2021,red,112080
"XPS 15 (9500) (256GB, Yellow)",Laptops,1500,397,403,Dell,8.7,320,1/12/2024,yellow,604500
Viva (White),Kitchen,99.99,348,634,Instant Pot,9,495,3/8/2020,white,63393.66
"Bravia A90J (43"", Yellow frame)",TVs,1299.99,176,221,Sony,9,179,1/9/2021,yellow,287297.79
"UA Rush T-Shirt (Brown, M)",Clothing,45,46,296,Under Armour,8.5,246,9/15/2023,brown,13320
Watch Series 1 (Black),Watches,199,0,838,Apple,7.8,667,5/19/2020,black,166762
MX Master 3 (Gray),Mice,99.99,0,94,Logitech,9.2,76,7/23/2023,gray,9399.06
"ZenBook 14 UX425 (256GB, White)",Laptops,799,78,733,Asus,8.25,582,3/28/2020,white,585667
"3-Stripes Track Jacket (Purple, L)",Clothing,75,131,206,Adidas,8.5,165,6/4/2023,purple,15450
5200 (Orange),Gaming Consoles,49.99,140,756,Atari,7.5,597,10/25/2020,orange,37792.44
"WH-1000XM4 (Wireless, Brown)",Headphones,349.99,102,316,Sony,9.25,258,4/21/2021,brown,110596.84
Versa 2 (Black),Watches,129.95,15,711,Fitbit,8.4,577,5/21/2022,black,92394.45
"Zig Kinetica (Yellow, EU 39)",Shoes,120,164,278,Reebok,8.65,244,4/2/2024,yellow,33360
"XPS 15 (9500) (256GB, White)",Laptops,1500,384,147,Dell,8.75,116,4/6/2021,white,220500
Embody Chair (Green),Furniture,1995,151,686,Herman Miller,9.45,542,6/9/2021,green,1368570
Precision Brewer (Blue),Kitchen,299.95,0,333,Breville,8.75,260,8/23/2025,blue,99883.35
Twister (Green),Toys,19.99,0,64,Hasbro,8.75,47,5/4/2020,green,1279.36
Duo Evo Plus (Red),Kitchen,129.99,325,401,Instant Pot,8.75,323,9/28/2021,red,52125.99
"Galaxy S21 (128GB, Red)",Smartphones,699,205,440,Samsung,8.75,354,9/16/2024,red,307560
PlayStation 1 (Brown),Gaming Consoles,40,415,703,Sony,8.5,551,1/26/2022,brown,28120
Bladen Sofa (Blue),Furniture,400,55,987,Ashley Furniture,8.75,779,10/22/2024,blue,394800
"iPhone 12 (1TB, Blue)",Smartphones,999,0,757,Apple,9.2,594,7/31/2024,blue,756243
Apex Pro Mini (Gray),Keyboards,179.99,136,533,SteelSeries,9.25,422,2/7/2020,gray,95934.67
"iPad (2020) (1TB, Brown)",Tablets,1199,175,572,Apple,8.5,450,1/28/2022,brown,685828
"Blazer Mid '77 (Orange, EU 39)",Shoes,100,0,186,Nike,8.5,145,10/20/2023,orange,18600
"Spectre x360 15 (128GB, Yellow)",Laptops,1200,307,806,HP,8.25,661,7/20/2021,yellow,967200
Bluetooth Keyboard (Gray),Keyboards,59.99,484,6,Microsoft,8.45,6,8/20/2023,blue,359.94
"NanoCell 80 (43"", Yellow frame)",TVs,450,404,727,LG,8.3,576,9/18/2022,yellow,327150
"UHD UM7300 (65"", Brown frame)",TVs,799,0,882,LG,8.75,711,9/4/2024,brown,704718
USB Mouse (Brown),Mice,29.99,0,519,Apple,8.5,410,12/15/2020,brown,15564.81
"iPhone X (64GB, White)",Smartphones,299,135,513,Apple,8.75,409,3/29/2024,white,153387
"P30 (512GB, Brown)",Smartphones,499,186,493,Huawei,8.25,402,10/7/2020,brown,246007
Huntsman Mini (Red),Keyboards,119.99,80,210,Razer,8.75,163,10/29/2023,red,25197.9
"Windrunner Jacket (Yellow, XS)",Clothing,100,0,177,Nike,8.75,144,5/20/2025,yellow,17700
"FC Barcelona Home Jersey (Blue, XXL)",Clothing,90,0,820,Nike,9.45,674,2/8/2020,blue,73800
"Denim Jacket (Yellow, M)",Clothing,39.99,0,222,H&M,7.8,185,11/10/2021,yellow,8877.78
"RS-X3 (Black, EU 46)",Shoes,120,204,842,Puma,8.5,662,12/27/2022,black,101040
Artisan Stand Mixer (Blue),Kitchen,429.99,0,828,KitchenAid,9.2,649,6/22/2024,blue,356031.72
"MDR-7506 (Wired, Gray)",Headphones,99.99,354,487,Sony,9.25,398,4/1/2023,red,48695.13
Food Processor KFP1466 (White),Kitchen,299,211,197,KitchenAid,8.75,149,8/26/2024,white,58903
Mamba Elite (White),Mice,89.99,233,297,Razer,8.75,240,3/1/2022,white,26727.03
Polly Pocket (Blue),Toys,19.99,0,99,Mattel,8.75,81,7/24/2024,blue,1979.01
MX Keys (Red),Keyboards,99.99,0,632,Logitech,9.2,513,10/22/2020,red,63193.68
Sorry! (Red),Toys,9.99,172,365,Hasbro,8.5,289,9/13/2025,red,3646.35
Mega Drive Mini (Yellow),Gaming Consoles,79.99,0,136,Sega,8.75,108,3/21/2021,yellow,10878.64
"HD 450BT (Wired, Black)",Headphones,129.95,451,628,Sennheiser,8.45,516,7/30/2025,red,81608.6
Xbox One X (White),Gaming Consoles,350,0,864,Microsoft,8.75,684,11/13/2022,white,302400
Alenya Sofa (Red),Furniture,450,0,108,Ashley Furniture,8.5,84,8/4/2024,red,48600
Charge 5 (Red),Watches,129.95,316,80,Fitbit,8.75,64,8/16/2023,red,10396
"Bravia X950H (75"", Gray frame)",TVs,2200,0,765,Sony,9.2,609,4/1/2021,gray,1683000
PlayStation 2 (Blue),Gaming Consoles,150,0,435,Sony,8.5,359,6/17/2020,blue,65250
"7 Pro (256GB, Brown)",Smartphones,699,0,968,OnePlus,8.75,795,3/26/2021,brown,676632
PlayStation 3 (Purple),Gaming Consoles,150,26,905,Sony,7.5,717,5/15/2022,purple,135750
"Sport Earbuds (Wireless, Green)",Headphones,129.95,305,578,Bose,8.75,463,10/24/2021,green,75111.1
"SoundLink Around-Ear II (Wired, Red)",Headphones,149,397,578,Bose,8.5,466,12/23/2025,red,86122
Duo 7-in-1 (Orange),Kitchen,99.99,0,443,Instant Pot,8.75,365,12/27/2024,orange,44295.57
"Galaxy Tab Active3 (512GB, Orange)",Tablets,600,0,664,Samsung,8.5,535,1/18/2025,orange,398400
Bolanburg Dining Table (Green),Furniture,829,438,420,Ashley Furniture,8.5,335,8/30/2025,green,348180
"Legion 7 (512GB, Orange)",Laptops,1499,0,566,Lenovo,8.75,432,2/6/2023,orange,848434
"75PML9506 (55"", Blue frame)",TVs,1399,451,893,Philips,8.5,696,1/17/2022,blue,1249307
Rock-a-Stack (Green),Toys,9.99,0,161,Fisher-Price,8.75,121,3/28/2022,green,1608.39
Pro Trek PRG-600 (Blue),Watches,320,0,525,Casio,8.5,436,10/29/2024,blue,168000
Natural Ergonomic Keyboard 4000 (Red),Keyboards,50,0,729,Microsoft,,574,7/10/2025,red,36450
"MatePad T8 (256GB, Gray)",Tablets,110,0,636,Huawei,7.8,517,8/22/2024,gray,69960
Eames Lounge Chair (White),Furniture,6200,498,41,Herman Miller,9.5,27,11/21/2025,white,254200
"65PUS8504 (43"", White frame)",TVs,499,9,270,Philips,,210,4/10/2023,white,134730
Pasta Maker (Gray),Kitchen,199.99,40,601,Philips,8.75,475,10/28/2020,gray,120193.99
Luxe (Blue),Watches,129.95,141,452,Fitbit,8.75,360,3/9/2021,blue,58737.4
"Galaxy S22 (128GB, Purple)",Smartphones,699,272,165,Samsung,8.8,139,11/12/2024,purple,115335
"Surface Pro 8 (256GB, Red)",Tablets,1099,311,386,Microsoft,8.5,303,6/2/2021,red,424214
"IdeaPad Duet Chromebook (128GB, Orange)",Tablets,279.99,201,996,Lenovo,8.5,791,11/11/2023,orange,278870.04
Etch A Sketch (Brown),Toys,14.99,481,629,Spin Master,8.75,498,11/12/2022,brown,9428.71
Watch Series 1 (Yellow),Watches,179,437,413,Apple,7.85,340,11/7/2023,yellow,73927
"ZoomX Vaporfly Next% (Gray, EU 39)",Shoes,250,197,547,Nike,9.2,443,2/8/2025,gray,136750
Dreamcast (Orange),Gaming Consoles,120,232,875,Sega,8.5,723,8/28/2020,orange,105000
Wii U (White),Gaming Consoles,150,0,118,Nintendo,7.5,97,9/13/2023,white,17700
"Puffer Jacket (Green, S)",Clothing,49.99,490,918,H&M,7.85,739,3/31/2023,green,45890.82
"ThinkPad X1 Carbon (7th Gen) (512GB, Gray)",Laptops,1200,0,566,Lenovo,8.75,443,1/18/2023,gray,679200
"QuietComfort 25 (Wired, Red)",Headphones,199,47,950,Bose,8.7,765,12/4/2021,red,189050
Wii U (Red),Gaming Consoles,150,164,93,Nintendo,8.5,76,12/18/2024,red,13950
"XPS 13 (9360) (256GB, Orange)",Laptops,899,231,331,Dell,8.5,251,2/7/2024,orange,297569
"Pavilion 15 (1TB, Black)",Laptops,650,89,215,HP,8.5,166,11/2/2023,black,139750
"Floatride Run (White, EU 40)",Shoes,130,38,113,Reebok,7.85,86,1/13/2023,white,14690
City Police Station (60141) (Blue),Toys,99.99,348,750,LEGO,8.75,600,1/4/2023,blue,74992.5
G613 Wireless (Purple),Keyboards,89.99,98,843,Logitech,8.62,677,10/18/2020,purple,75861.57
"OLED C1 (65"", Gray frame)",TVs,1799,0,511,LG,9.2,406,12/30/2020,gray,919289
Malm Bed Frame (Gray),Furniture,249,326,900,IKEA,8.5,723,1/21/2022,gray,224100
"QN90A Neo QLED (50"", Orange frame)",TVs,1199,255,623,Samsung,9.2,515,1/26/2023,orange,746977
"MacBook Pro 13 (2019) (256GB, Blue)",Laptops,1099,0,191,Apple,8.5,147,7/18/2023,blue,209909
"Galaxy Tab S8 Ultra (64GB, Yellow)",Tablets,799.99,0,557,Samsung,9.2,470,4/20/2020,yellow,445594.43
"MediaPad M6 (1TB, White)",Tablets,650,,702,Huawei,8,559,6/12/2020,white,456300
"XPS 17 (9700) (64GB, Yellow)",Laptops,2900,85,565,Dell,8.5,451,1/31/2023,yellow,1638500
Apex M750 (Purple),Keyboards,140,51,145,SteelSeries,8.5,115,12/31/2023,purple,20300
"Galaxy Tab A8 (128GB, Gray)",Tablets,280,382,498,Samsung,8.5,390,9/20/2024,gray,139440
"LinkBuds S (Wired, Orange)",Headphones,79.99,0,451,Sony,8.25,356,4/18/2024,red,36075.49
"ZoomX Vaporfly Next% (Green, EU 39)",Shoes,250,0,73,Nike,9.5,61,8/30/2021,green,18250
"The Frame LS03T (55"", Orange frame)",TVs,1299,0,773,Samsung,8.5,632,6/28/2021,orange,1004127
"Tab P12 Pro (128GB, Brown)",Tablets,499,0,539,Lenovo,8.5,431,6/5/2020,brown,268961
Barista Express (Brown),Kitchen,699,255,229,Breville,9.25,181,1/19/2024,brown,160071
5-Speed Classic Blender (White),Kitchen,99.99,3,110,KitchenAid,8.75,82,1/26/2020,white,10998.9
"Dri-FIT T-Shirt (Red, M)",Clothing,35,359,984,Nike,8.75,769,9/11/2023,red,34440
Versa 3 (Yellow),Watches,199.95,328,506,Fitbit,8.5,409,10/28/2022,yellow,101174.7
Forerunner 245 (Brown),Watches,299.99,0,675,Garmin,,535,8/9/2024,brown,202493.25
"Rival Fleece Hoodie (White, XXL)",Clothing,55,0,765,Under Armour,8.75,624,1/2/2022,white,42075
"Pavilion 14 (128GB, Green)",Laptops,560,446,854,HP,8.65,695,7/6/2023,green,478240
Pro Mouse (Blue),Mice,79,0,891,Apple,8.75,704,7/27/2020,blue,70389
Apex M750 (Red),Keyboards,129.99,225,539,SteelSeries,8.5,419,11/13/2021,red,70064.61
"Bravia A80J (50"", Yellow frame)",TVs,999,57,332,Sony,8.75,265,3/14/2020,yellow,331668
Brilliant Basics Corn Popper (Purple),Toys,12.99,115,288,Fisher-Price,8.5,223,6/3/2021,purple,3741.12
Caper Chair (Brown),Furniture,400,281,367,Herman Miller,8.75,300,11/25/2025,brown,146800
"Alphaskin Tights (Orange, XL)",Clothing,45,162,362,Adidas,8.75,276,12/25/2022,orange,16290
Hot Wok Pro (Red),Kitchen,129.99,327,165,Breville,8.75,129,5/18/2023,red,21448.35
PlayStation 2 (Orange),Gaming Consoles,80,24,139,Sony,8.5,111,12/5/2021,orange,11120
"Omen 15 (128GB, Black)",Laptops,1299,495,580,HP,8.7,467,11/28/2025,black,753420
"iPhone 8 (128GB, Purple)",Smartphones,250,99,492,Apple,8,391,6/1/2020,purple,123000
"Beats Solo3 (Wireless, Blue)",Headphones,199.95,233,674,Apple,,,5/22/2025,blue,134766.3
"Dri-FIT T-Shirt (Black, XL)",Clothing,35,174,23,Nike,8.75,21,3/29/2022,black,805
"MatePad T10s (128GB, Gray)",Tablets,220,0,872,Huawei,7.5,704,2/4/2025,gray,191840
"65PUS8504 (43"", Orange frame)",TVs,600,143,228,Philips,8.2,184,1/6/2023,orange,136800
Cosm Chair (Red),Furniture,1395,109,390,Herman Miller,9.2,312,3/24/2021,red,544050
Galaxy Watch 4 (Brown),Watches,250,245,251,Samsung,8.75,192,10/1/2020,brown,62750
"Bravia X85J (65"", Green frame)",TVs,1099.99,154,908,Sony,,,3/31/2020,green,998790.92
Viper Mini (Orange),Mice,39.99,372,534,Razer,8.75,422,10/14/2025,orange,21354.66
"MDR-1AM2 (Wireless, Red)",Headphones,249.99,438,793,Sony,8.75,623,5/5/2023,red,198242.07
Twister (Blue),Toys,19.99,436,324,Hasbro,8.75,253,4/12/2024,blue,6476.76
"Pump Omni Lite (Black, EU 46)",Shoes,170,206,719,Reebok,8.5,579,6/15/2023,black,122230
"UHD UM7300 (55"", Red frame)",TVs,499,0,184,LG,8.25,142,4/23/2020,red,91816
Hemnes TV Bench (Red),Furniture,129,346,435,IKEA,8.5,334,2/7/2025,red,56115
"Fresh Foam 1080 (Blue, EU 44)",Shoes,160,470,29,New Balance,9,25,1/4/2025,blue,4640
"55R635 (43"", Brown frame)",TVs,380,484,446,TCL,8.4,346,1/14/2025,brown,169480
Master Prep Professional (White),Kitchen,49.99,253,841,Ninja,8.75,657,1/24/2023,white,42041.59
Wii U (Green),Gaming Consoles,250,28,124,Nintendo,8.5,102,6/10/2023,green,31000
G Pro Wireless (Blue),Mice,129.99,0,546,Logitech,9.2,444,6/28/2023,blue,70974.54
PSX (Green),Gaming Consoles,499,120,199,Sony,9.25,160,11/6/2022,green,99301
Baby's First Blocks (Green),Toys,10.99,206,952,Fisher-Price,9.2,780,10/23/2020,green,10462.48
Xbox 360 (Purple),Gaming Consoles,150,64,615,Microsoft,7.5,491,1/8/2022,purple,92250
"Faux Leather Biker Jacket (Orange, S)",Clothing,49.99,0,157,H&M,7.85,121,9/4/2025,orange,7848.43
"4-Series 55S435 (50"", Blue frame)",TVs,320,0,711,TCL,8.5,584,12/24/2023,blue,227520
"Bravia X900H (50"", Brown frame)",TVs,599,208,722,Sony,,555,2/19/2021,brown,432478
"Mate 40 (256GB, Brown)",Smartphones,799,103,726,Huawei,8.5,574,10/20/2020,brown,580074
"8 (64GB, Gray)",Smartphones,299,69,349,OnePlus,7.8,265,2/6/2022,gray,104351
"5T (128GB, Brown)",Smartphones,299,151,616,OnePlus,8.5,486,6/27/2025,brown,184184
Twister (Gray),Toys,19.99,0,87,Hasbro,8.25,68,6/10/2022,gray,1739.13
Inspire 2 (Brown),Watches,299.95,126,77,Fitbit,8.5,60,4/21/2022,brown,23096.15
"ZoomX Vaporfly Next% (Yellow, EU 46)",Shoes,250,201,969,Nike,9.5,762,2/23/2021,yellow,242250
"FuelCell Rebel (White, EU 38)",Shoes,130,241,351,New Balance,8.75,285,1/13/2020,white,45630
"530 (Red, EU 40)",Shoes,110,406,337,New Balance,8.75,275,10/27/2025,red,37070
"Legacy Lifter (Yellow, EU 39)",Shoes,200,466,973,Reebok,8.5,773,8/2/2021,yellow,194600
DeathAdder V2 (Black),Mice,69.99,0,979,Razer,8.75,777,10/30/2024,black,68520.21
All-in-One Media Keyboard (Yellow),Keyboards,34.99,62,718,Microsoft,8.75,569,5/10/2024,yellow,25122.82
F-91W (Gray),Watches,20,392,986,Casio,8.5,799,9/14/2025,gray,19720
Professional Blender (Yellow),Kitchen,99.99,227,548,Ninja,8.75,431,8/4/2025,yellow,54794.52
"Powerbeats Pro (Wireless, Brown)",Headphones,249.95,0,889,Apple,8.75,716,12/2/2023,brown,222205.55
Hot Wheels 20-Car Pack (Green),Toys,21.99,11,902,Mattel,9.2,721,7/26/2025,green,19834.98
PlayStation 5 (Red),Gaming Consoles,499.99,0,743,Sony,9.5,583,11/14/2025,red,371492.57
Fenix 6 (Yellow),Watches,449.99,0,424,Garmin,8.75,343,5/7/2022,yellow,190795.76
"Cortez (Green, EU 38)",Shoes,90,0,980,Nike,8.75,793,5/24/2023,green,88200
"Surface Pro X (128GB, Purple)",Tablets,899,104,876,Microsoft,8.3,660,4/9/2024,purple,787524
"Bravia X80J (43"", Yellow frame)",TVs,549,,506,Sony,8.4,409,11/9/2021,yellow,277794
"Elite Active 75t (Wireless, Yellow)",Headphones,149.99,0,1,Jabra,8.75,0,7/4/2023,yellow,149.99
"Future Rider (Blue, EU 46)",Shoes,80,0,904,Puma,8.5,715,7/30/2024,blue,72320
Rival 3 (Brown),Mice,29.99,111,899,SteelSeries,8.75,718,5/29/2022,brown,26961.01
"Linen Blend Shirt (Black, XXL)",Clothing,29.99,0,235,H&M,8.5,179,1/30/2023,black,7047.65
"Slim Fit Suit Pants (Blue, M)",Clothing,49.99,340,623,H&M,8.2,501,3/22/2020,blue,31143.77
"HeatGear Compression Shirt (Orange, XL)",Clothing,35,478,392,Under Armour,8.75,315,2/6/2025,orange,13720
Shoal Creek Dresser (Black),Furniture,200,299,735,Sauder,8.5,583,5/2/2024,black,147000
"Bravia X900H (65"", White frame)",TVs,1399.99,95,140,Sony,8.75,115,3/25/2020,white,195998.6
SNES (Red),Gaming Consoles,150,0,827,Nintendo,,660,12/26/2025,red,124050
"P20 (64GB, Green)",Smartphones,250,0,88,Huawei,7.8,72,6/20/2020,green,22000
Bluetooth Mouse (Yellow),Mice,25,112,729,Microsoft,8.5,577,6/7/2020,blue,18225
HR3752 Blender (White),Kitchen,120,0,474,Philips,8.7,390,4/24/2022,white,56880
G-Shock Mudmaster (Blue),Watches,350,0,155,Casio,,120,5/31/2023,blue,54250
"Galaxy S9 (1TB, Gray)",Smartphones,999,42,183,Samsung,8.5,149,12/9/2020,gray,182817
Wade Logan Dining Table (Blue),Furniture,450,0,260,Wayfair,8.25,220,9/16/2020,blue,117000
Trinell TV Stand (Blue),Furniture,240,215,130,Ashley Furniture,8.5,114,4/26/2021,blue,31200
Enchantimals Doll (Black),Toys,12.99,361,705,Mattel,8.5,568,7/18/2021,black,9157.95
"Adizero Adios Pro (Blue, EU 44)",Shoes,220,156,436,Adidas,8.75,351,8/18/2022,blue,95920
"Bravia A8H (43"", Brown frame)",TVs,1299,0,518,Sony,8.75,421,8/24/2025,brown,672882
K95 RGB Platinum (Gray),Keyboards,199.99,468,126,Corsair,8.75,97,8/2/2025,gray,25198.74
Rival 5 (Red),Mice,69.99,0,896,SteelSeries,8.75,722,1/6/2024,red,62711.04
"70PUS8505 (65"", Green frame)",TVs,750,0,551,Philips,8.25,440,8/23/2024,green,413250
Professional Blender (Black),Kitchen,129.99,178,540,Ninja,8.75,436,1/25/2021,black,70194.6
"Yoga Slim 7 (256GB, Yellow)",Laptops,879,367,328,Lenovo,8.5,263,8/25/2025,yellow,288312
"Inspiron 14 5000 (512GB, Black)",Laptops,749.99,318,702,Dell,,546,12/4/2020,black,526492.98
"AirPods Pro (2nd generation) (Wired, Blue)",Headphones,249,438,395,Apple,9.2,311,8/15/2021,red,98355
Cannery Bridge Storage Chest (Brown),Furniture,189.99,419,90,Sauder,8.25,71,4/28/2021,brown,17099.1
G512 Carbon (Yellow),Keyboards,99.99,494,437,Logitech,8.75,356,9/6/2022,yellow,43695.63
"50S535 (43"", Orange frame)",TVs,350,0,688,TCL,8.2,556,6/19/2020,orange,240800
Setu Chair (Brown),Furniture,895,0,708,Herman Miller,8.75,569,7/12/2025,brown,633660
"3-Stripes Track Jacket (Red, XL)",Clothing,65,0,706,Adidas,8.5,557,10/25/2022,red,45890
Mega Drive Mini (Black),Gaming Consoles,79.99,0,568,Sega,9.2,446,3/16/2022,black,45434.32
Forerunner 245 (Orange),Watches,299.99,267,396,Garmin,8.75,334,2/11/2025,orange,118796.04
"Pro Tights (Orange, XXL)",Clothing,65,193,365,Nike,8.75,274,12/23/2023,orange,23725
"ThinkPad T14 (64GB, Brown)",Laptops,2200,270,785,Lenovo,9.15,623,12/28/2024,brown,1727000
Versa 2 (Gray),Watches,149.95,444,643,Fitbit,8.75,512,3/11/2025,gray,96417.85
HR3752 Blender (Brown),Kitchen,120,302,526,Philips,8.5,425,3/16/2021,brown,63120
"XPS 15 (9500) (64GB, Yellow)",Laptops,3000,255,816,Dell,8.5,662,1/18/2022,yellow,2448000
"Elite 85t (Wireless, Blue)",Headphones,199.99,181,8,Jabra,8.7,6,8/18/2025,blue,1599.92
"Manchester United Home Jersey (Yellow, S)",Clothing,90,410,442,Adidas,8.75,361,4/10/2024,yellow,39780
Galaxy Watch 4 Classic (Green),Watches,299.99,8,632,Samsung,8.7,503,4/24/2022,green,189593.68
Cardinal Games Chess (Brown),Toys,15.99,459,103,Spin Master,8.75,86,2/17/2023,brown,1646.97
"574 (Red, EU 39)",Shoes,85,0,943,New Balance,8.6,756,12/6/2025,red,80155
Star Wars Millennium Falcon (75192) (Red),Toys,849.99,324,950,LEGO,9.5,787,1/1/2021,red,807490.5
Cannery Bridge Storage Chest (Orange),Furniture,99.99,335,356,Sauder,8.45,284,7/28/2025,orange,35596.44
"Nano X (Red, EU 38)",Shoes,90,375,462,Reebok,8.5,364,11/5/2020,red,41580
"990v5 (Orange, EU 39)",Shoes,185,1,793,New Balance,9.1,629,10/27/2023,orange,146705
"TU8000 (55"", Brown frame)",TVs,499,0,917,Samsung,8.5,734,8/31/2024,brown,457583
7800 (Blue),Gaming Consoles,199.99,102,787,Atari,7.5,622,9/5/2022,blue,157392.13
"Bravia X95J (50"", White frame)",TVs,1099,0,70,Sony,9.2,53,1/18/2022,white,76930
Galaxy Watch 5 (Blue),Watches,279.99,29,91,Samsung,8.75,77,6/8/2025,blue,25479.09
"IE 80 S (Wired, Green)",Headphones,299,382,485,Sennheiser,8.7,399,2/25/2022,red,145015
Xbox Series S (Gray),Gaming Consoles,299.99,0,531,Microsoft,,424,1/15/2024,gray,159294.69
"QLED Q60T (43"", Blue frame)",TVs,450,325,438,Samsung,8.5,350,10/9/2021,blue,197100
"IdeaPad Duet 3 (64GB, White)",Tablets,299,471,681,Lenovo,8.25,534,11/17/2022,white,203619
"Elite Active 65t (Wireless, Blue)",Headphones,99.99,0,590,Jabra,8.5,483,12/24/2022,blue,58994.1
Monster Jam RC (Green),Toys,49.99,0,702,Spin Master,8.75,551,1/23/2024,green,35092.98
G-Shock GA700 (Orange),Watches,99,140,771,Casio,8.5,601,8/2/2021,orange,76329
Watch Series 5 (Black),Watches,399,0,672,Apple,8.7,536,5/1/2023,black,268128
Hot Wok Pro (Orange),Kitchen,149.99,424,98,Breville,8.75,80,2/1/2022,orange,14699.02
"Chromebook Flip C434 (128GB, Black)",Laptops,499.99,0,870,Asus,8.2,696,10/2/2023,black,434991.3
"65S535 (65"", Yellow frame)",TVs,899,0,658,TCL,8.45,529,9/11/2023,yellow,591542
Wireless Keyboard 900 (Blue),Keyboards,49.99,441,562,Microsoft,8.75,447,3/17/2024,blue,28094.38
"Surface Go 2 (512GB, Orange)",Tablets,699,57,59,Microsoft,8.25,44,1/9/2024,orange,41241
"Court Victory Skirt (White, XL)",Clothing,55,186,151,Nike,8.5,125,3/7/2023,white,8305
Switch Lite (Blue),Gaming Consoles,199.99,366,791,Nintendo,8.75,631,8/23/2024,blue,158192.09
"HD 450BT (Wireless, Red)",Headphones,149.95,0,180,Sennheiser,8.75,143,6/29/2024,red,26991
Galaxy Watch Active (Red),Watches,199.99,337,557,Samsung,8.75,447,4/9/2024,red,111394.43
"327 (Red, EU 44)",Shoes,129.99,0,277,New Balance,8.75,215,9/9/2023,red,36007.23
"iPad (2018) (64GB, Orange)",Tablets,349,0,321,Apple,,258,12/4/2024,orange,112029
Watch Series 3 (Red),Watches,199,182,650,Apple,8.5,499,8/21/2023,red,129350
Rival 5 (Purple),Mice,69.99,0,369,SteelSeries,8.75,293,6/10/2023,purple,25826.31
Sculpt Ergonomic Keyboard (Red),Keyboards,89.99,0,950,Microsoft,8.5,752,3/5/2023,red,85490.5
"Sportswear Club Hoodie (Yellow, M)",Clothing,55,0,146,Nike,8.75,113,3/12/2025,yellow,8030
"50PUS7506 (75"", Yellow frame)",TVs,999,,802,Philips,7.65,652,2/19/2023,yellow,801198
"Tab P11 Pro (512GB, Brown)",Tablets,799,43,585,Lenovo,8.4,479,2/17/2020,brown,467415
BCI600XL Smart Scoop (Black),Kitchen,299.95,497,562,Breville,9.3,445,3/27/2021,black,168571.9
13-Cup Food Processor KFP1333 (Black),Kitchen,199.99,0,604,KitchenAid,8.75,471,11/8/2022,black,120793.96
Pro Line Series Blender (Blue),Kitchen,499.99,0,822,KitchenAid,9.3,664,10/19/2021,blue,410991.78
"OLED A1 (43"", Gray frame)",TVs,799,307,923,LG,8.5,750,5/2/2024,gray,737477
"70PUS6724 (50"", Red frame)",TVs,450,300,905,Philips,7.8,727,12/22/2023,red,407250
Vivoactive 4 (Purple),Watches,329.99,0,597,Garmin,8.75,483,9/1/2024,purple,197004.03
"iPad (2018) (64GB, Gray)",Tablets,329,329,900,Apple,8.5,713,10/11/2022,gray,296100
"FuelCell Rebel (Yellow, EU 39)",Shoes,130,91,712,New Balance,8.75,576,5/30/2024,yellow,92560
"Alphabounce (Orange, EU 39)",Shoes,100,311,542,Adidas,8.5,455,10/6/2023,orange,54200
Foodi Grill (Red),Kitchen,249.99,52,539,Ninja,9.3,426,7/3/2025,red,134744.61
Pro Type Ultra (Orange),Keyboards,159.99,71,631,Razer,8.75,496,11/5/2021,orange,100953.69
"P20 Pro (128GB, Orange)",Smartphones,250,209,834,Huawei,7.5,655,12/8/2023,orange,208500
Viva Collection Juicer (Blue),Kitchen,99.99,276,545,Philips,8.5,439,1/28/2024,blue,54494.55
Watch Series 5 (White),Watches,399,69,48,Apple,8.9,40,1/28/2021,white,19152
"Elite Active 75t (Wireless, Gray)",Headphones,150,354,330,Jabra,8.75,255,3/23/2020,gray,49500
"6T (512GB, Red)",Smartphones,649,0,971,OnePlus,9,773,4/6/2025,red,630179
"ZenBook Duo 14 (512GB, Yellow)",Laptops,1299,28,678,Asus,8.5,546,3/27/2021,yellow,880722
Tech Deck (Yellow),Toys,9.99,0,714,Spin Master,8.5,576,6/9/2022,yellow,7132.86
Dreamcast (Gray),Gaming Consoles,150,0,905,Sega,8.5,707,5/7/2025,gray,135750
Atheris (Green),Mice,49.99,156,288,Razer,8.5,230,5/19/2025,green,14397.12
"Trucker Jacket (Black, XS)",Clothing,89.5,0,439,Levi's,8.75,360,2/11/2021,black,39290.5
Paw Patrol Mighty Lookout Tower (Purple),Toys,99.99,78,896,Spin Master,8.75,717,6/22/2022,purple,89591.04
"Samba Jersey (Red, L)",Clothing,50,107,497,Adidas,8.5,394,10/25/2021,red,24850
Forerunner 945 (Green),Watches,599.99,83,697,Garmin,8.75,548,10/15/2024,green,418193.03
Sorry! (White),Toys,10.99,259,662,Hasbro,8.5,537,11/19/2022,white,7275.38
Galaxy Watch 3 (Orange),Watches,249.99,277,7,Samsung,8.75,6,10/2/2020,orange,1749.93
"Sport Earbuds (Wireless, Blue)",Headphones,179,306,588,Bose,9.2,456,3/18/2020,blue,105252
"VivoBook 15 X512 (128GB, Purple)",Laptops,400,350,662,Asus,8.2,533,11/23/2023,purple,264800
Jaguar (Brown),Gaming Consoles,49.99,239,963,Atari,7.5,761,4/9/2024,brown,48140.37
"iPhone 8 (64GB, Gray)",Smartphones,250,7,243,Apple,7.5,205,1/7/2025,gray,60750
XXL Grill (Green),Kitchen,249.99,,160,Philips,8.5,128,7/29/2025,green,39998.4
"FuelCell Rebel (Purple, EU 39)",Shoes,130,85,12,New Balance,8.5,12,3/22/2023,purple,1560
"Galaxy S7 (128GB, Green)",Smartphones,150,0,581,Samsung,7.25,476,5/1/2025,green,87150
Smart Oven Air (Orange),Kitchen,499.95,0,886,Breville,9.2,709,2/28/2024,orange,442955.7
Duo Plus (Black),Kitchen,129.99,0,782,Instant Pot,8.75,639,7/22/2020,black,101652.18
"IdeaPad Flex 5 (128GB, Purple)",Laptops,450,294,962,Lenovo,8.25,773,10/19/2022,purple,432900
"IdeaPad Duet 3 (1TB, White)",Tablets,589.99,0,356,Lenovo,8.25,293,3/28/2023,white,210036.44
Max (Black),Kitchen,99.99,75,637,Instant Pot,9.3,499,1/16/2025,black,63693.63
"Club C 85 (Purple, EU 42)",Shoes,85,187,793,Reebok,8.75,642,11/19/2021,purple,67405
"Ribcage Straight Ankle (Purple, XS)",Clothing,98,0,375,Levi's,8.75,312,11/28/2022,purple,36750
Forerunner 945 (Black),Watches,499.99,147,730,Garmin,9.2,595,8/7/2021,black,364992.7
"Air Max 90 (Yellow, EU 40)",Shoes,120,0,997,Nike,8.75,784,3/15/2024,yellow,119640
Magic Trackpad 2 (Black),Mice,129,230,772,Apple,8.75,615,4/3/2023,black,99588
Harry Potter Hogwarts Castle (71043) (Brown),Toys,469.99,382,122,LEGO,9.75,95,9/17/2023,brown,57338.78
"55PUS7956/12 (55"", Green frame)",TVs,600,0,901,Philips,8.2,691,2/12/2020,green,540600
"MediaPad T5 (128GB, Orange)",Tablets,250,233,340,Huawei,8.2,266,7/27/2023,orange,85000
Kinetic Sand (Yellow),Toys,14.99,0,927,Spin Master,8.75,745,4/27/2020,yellow,13895.73
"CX 400BT (Wireless, Yellow)",Headphones,139.95,0,775,Sennheiser,8.5,630,6/2/2023,yellow,108461.25
"Legion 5 (64GB, Yellow)",Laptops,1500,109,987,Lenovo,8.75,796,4/27/2025,yellow,1480500
"Sportswear Club Hoodie (Red, L)",Clothing,60,0,724,Nike,8.75,567,2/23/2022,red,43440
Brilliant Basics Corn Popper (Blue),Toys,12.99,178,382,Fisher-Price,8.45,321,4/14/2022,blue,4962.18
"ExpertBook B9 (256GB, Red)",Laptops,1200,7,426,Asus,8.75,346,11/24/2020,red,511200
Hemnes TV Bench (Red),Furniture,129,346,435,IKEA,8.5,333,2/7/2025,red,56115
Huntsman Mini (Black),Keyboards,119.99,355,264,Razer,8.65,214,1/26/2024,black,31677.36
"Galaxy Tab Active3 (256GB, Yellow)",Tablets,600,0,33,Samsung,8.5,28,11/10/2021,yellow,19800
"Legion 7 (128GB, Brown)",Laptops,2500,0,585,Lenovo,,456,5/16/2024,brown,1462500
Rival 110 (Orange),Mice,40,375,304,SteelSeries,8.5,230,1/29/2023,orange,12160
"55S535 (65"", Blue frame)",TVs,600,467,188,TCL,8.2,143,9/12/2020,blue,112800
"Originals Trefoil Hoodie (Blue, XL)",Clothing,70,0,57,Adidas,8.5,42,1/20/2024,blue,3990
One-Touch Tea Maker (White),Kitchen,299,0,945,Breville,8.75,755,1/22/2022,white,282555
"Samba Jersey (Red, XS)",Clothing,60,5,29,Adidas,8.5,25,7/3/2021,red,1740
G915 Lightspeed (Brown),Keyboards,229.99,0,699,Logitech,9.2,539,10/2/2020,brown,160763.01
"Noise Cancelling Headphones 700 (Wireless, Orange)",Headphones,379,23,257,Bose,9.2,208,4/27/2022,orange,97403
BlackWidow Elite (Brown),Keyboards,169.99,0,794,Razer,8.75,653,8/29/2025,black,134972.06
Spiralizer Attachment (Brown),Kitchen,99.99,0,262,KitchenAid,8.75,197,8/14/2021,brown,26197.38
"Sport Earbuds (Wired, Blue)",Headphones,49.99,480,726,Bose,8.75,585,11/4/2020,red,36292.74
"Surface Pro 7+ (64GB, Gray)",Tablets,749.99,0,823,Microsoft,8.5,646,6/6/2023,gray,617241.77
Mistana Armchair (Orange),Furniture,250,382,413,Wayfair,8.75,343,12/10/2022,orange,103250
"11T (1TB, White)",Smartphones,599,137,724,Xiaomi,8.5,588,5/9/2021,white,433676
"Surface Book 3 (1TB, Orange)",Tablets,2399,0,604,Microsoft,8.75,494,4/27/2024,orange,1448996
Switch Lite (Brown),Gaming Consoles,199.99,392,237,Nintendo,8.75,193,4/7/2020,brown,47397.63
"992 (White, EU 39)",Shoes,185,308,261,New Balance,8.75,203,11/8/2020,white,48285
Craft (Gray),Keyboards,199.99,481,682,Logitech,8.75,571,6/6/2021,gray,136393.18
"TU8000 (50"", Red frame)",TVs,499,285,365,Samsung,,297,9/16/2023,red,182135
"MacBook Air M1 (2020) (256GB, Blue)",Laptops,999,138,750,Apple,9.25,604,3/18/2020,blue,749250
"WH-CH710N (Wireless, Brown)",Headphones,149.99,113,627,Sony,8.5,511,12/24/2024,brown,94043.73
"511 Slim Jeans (Blue, XL)",Clothing,69.5,480,326,Levi's,8.75,267,9/11/2025,blue,22657
"XPS 13 (9360) (512GB, Purple)",Laptops,950,119,792,Dell,8.5,618,4/12/2025,purple,752400
Versa 3 (Black),Watches,199.95,21,835,Fitbit,8.75,667,12/26/2022,black,166958.25
"MatePad T8 (1TB, Black)",Tablets,180,0,420,Huawei,7.5,338,1/28/2020,black,75600
Creator Ford Mustang (10265) (Black),Toys,169.99,90,452,LEGO,9.2,359,12/5/2020,black,76835.48
Watch Series 7 (Black),Watches,399,389,40,Apple,,34,6/23/2022,black,15960
"QLED Q70A (55"", Red frame)",TVs,899,478,938,Samsung,8.75,725,10/25/2020,red,843262
"Tab P12 Pro (128GB, Blue)",Tablets,599,246,77,Lenovo,8.5,59,5/20/2022,blue,46123
Professional Blender (Blue),Kitchen,99.99,171,801,Ninja,8.75,648,8/23/2020,blue,80091.99
Basilisk V3 (Blue),Mice,69.99,334,667,Razer,9.2,528,12/6/2021,blue,46683.33
"Tab M8 (512GB, Black)",Tablets,199.99,317,339,Lenovo,7.85,281,4/19/2020,black,67796.61
"70PUS8505 (75"", Yellow frame)",TVs,1200,,337,Philips,8.5,279,11/6/2025,yellow,404400
Apex 3 (Yellow),Keyboards,49.99,0,309,SteelSeries,8.75,253,2/28/2020,yellow,15446.91
"TUF Gaming A15 (128GB, Yellow)",Laptops,999,184,884,Asus,8.5,698,9/15/2022,yellow,883116
Apex Pro (Blue),Keyboards,199.99,149,965,SteelSeries,9.2,794,7/28/2024,blue,192990.35
"Legacy Lifter (Orange, EU 44)",Shoes,200,210,663,Reebok,,517,1/21/2022,orange,132600
Food Processor KFP1466 (Orange),Kitchen,299.99,189,627,KitchenAid,9.2,493,10/26/2022,orange,188093.73
"Poco F3 (256GB, Green)",Smartphones,350,0,945,Xiaomi,8.5,756,1/13/2021,green,330750
Apex 7 (Black),Keyboards,159.99,6,487,SteelSeries,9.25,393,8/4/2023,black,77915.13
Pro Line Series Blender (White),Kitchen,499.99,0,971,KitchenAid,9.2,787,3/18/2022,white,485490.29
Cottage Road Coffee Table (Purple),Furniture,150,54,588,Sauder,7.85,469,3/8/2025,purple,88200
"UA Rush T-Shirt (Orange, XL)",Clothing,45,478,217,Under Armour,8.75,165,9/3/2023,orange,9765
"Surface Pro 6 (256GB, Purple)",Tablets,1000,0,829,Microsoft,8.5,652,10/26/2023,purple,829000
"Galaxy Note10 (1TB, Brown)",Smartphones,1400,242,1895,Samsung,9,1506,7/1/2023,brown,2653000
"RU7100 (50"", Blue frame)",TVs,399,335,46,Samsung,8.2,37,9/23/2021,blue,18354
5-Speed Classic Blender (Purple),Kitchen,89.99,123,514,KitchenAid,8.75,416,4/1/2024,purple,46254.86
Smart Oven Air (Black),Kitchen,399.95,468,355,Breville,8.75,293,2/25/2020,black,141982.25
"Urbanite XL (Wireless, Purple)",Headphones,179.95,0,704,Sennheiser,8.75,577,1/1/2020,purple,126684.8
Lancehead TE (Red),Mice,79.99,242,604,Razer,8.75,486,4/17/2021,red,48313.96
"Tab P11 Pro (512GB, White)",Tablets,600,52,609,Lenovo,8.5,484,6/10/2023,white,365400
"ThinkPad T14 (256GB, Green)",Laptops,1200,0,39,Lenovo,8.5,32,5/21/2022,green,46800
"iPhone X (128GB, Purple)",Smartphones,599,0,64,Apple,8.75,49,4/10/2021,purple,38336
"MatePad T10s (1TB, Gray)",Tablets,250,0,327,Huawei,7.5,272,2/1/2020,gray,81750
Kinect (Orange),Gaming Consoles,99.99,388,879,Microsoft,8.5,718,11/1/2024,orange,87891.21
"G3 15 (64GB, Red)",Laptops,749.99,0,756,Dell,8.25,595,1/25/2023,red,566992.44
Kinetic Sand (Orange),Toys,10.99,177,706,Spin Master,8.75,590,3/23/2022,orange,7758.94
"Ignite (Brown, EU 46)",Shoes,120,277,241,Puma,8.65,194,8/17/2020,brown,28920
Watch Series 8 (Purple),Watches,399,,556,Apple,8.75,437,12/5/2024,purple,221844
"Armour Fleece Pants (Red, XL)",Clothing,50,102,343,Under Armour,8.75,281,11/13/2023,red,17150
"Galaxy Tab A7 (128GB, Gray)",Tablets,250,104,403,Samsung,8.5,328,6/18/2020,gray,100750
"OLED B1 (50"", Gray frame)",TVs,900,23,635,LG,8.75,498,9/2/2021,gray,571500
"Beats Solo3 (Wireless, Yellow)",Headphones,199.95,311,4,Apple,8.5,4,6/27/2020,yellow,799.8
Havalance Coffee Table (Blue),Furniture,300,397,18,Ashley Furniture,8.5,16,7/31/2021,blue,5400
"SoundTrue Ultra (Wired, Black)",Headphones,129.95,402,193,Bose,8.7,156,6/23/2025,red,25080.35
"Sportswear Tech Fleece Pants (Blue, XXL)",Clothing,90,397,352,Nike,8.75,285,7/16/2022,blue,31680
G-Shock Mudmaster (Orange),Watches,350,166,817,Casio,8.75,657,2/13/2021,orange,285950
"Alienware m15 R3 (1TB, Gray)",Laptops,1800,423,903,Dell,8.5,712,1/27/2025,gray,1625400
Duo Plus (Brown),Kitchen,130,233,298,Instant Pot,9.2,230,6/21/2023,brown,38740
"Momentum 2.0 (Wireless, Black)",Headphones,299,0,955,Sennheiser,8.75,751,9/29/2024,black,285545
Wii (Yellow),Gaming Consoles,200,0,449,Nintendo,7.5,357,8/2/2024,yellow,89800
"8T (128GB, Blue)",Smartphones,449,150,248,OnePlus,8.7,197,7/15/2021,blue,111352
"MatePad Pro (64GB, Blue)",Tablets,499,477,440,Huawei,8.2,341,10/14/2023,blue,219560
"Tab P11 (256GB, Yellow)",Tablets,320,0,429,Lenovo,8.2,337,5/20/2023,yellow,137280
Rock-a-Stack (Black),Toys,7.99,0,3,Fisher-Price,8.75,3,5/31/2021,black,23.97
"Linen Blend Shirt (Blue, XS)",Clothing,24.99,0,775,H&M,8.25,623,8/23/2023,blue,19367.25
"iPhone 6S (512GB, Brown)",Smartphones,1200,0,212,Apple,6.5,173,4/28/2025,brown,254400
Dreamcast (Red),Gaming Consoles,150,296,525,Sega,8.7,412,7/2/2021,red,78750
Apex M750 (Yellow),Keyboards,139.99,196,517,SteelSeries,8.75,402,5/18/2022,yellow,72374.83
Duo Plus (Red),Kitchen,129.99,386,448,Instant Pot,9.45,371,3/8/2024,red,58235.52
"Own the Run Tee (Brown, XL)",Clothing,35,353,184,Adidas,8.75,162,7/12/2020,brown,6440
"Vanish Woven Pants (Orange, XL)",Clothing,60,0,944,Under Armour,8.25,765,4/17/2022,orange,56640
Rival 5 (Gray),Mice,59.99,163,251,SteelSeries,8.75,199,12/4/2023,gray,15057.49
Venu (Orange),Watches,349.99,269,839,Garmin,8.75,664,11/30/2023,orange,293641.61
Clue (White),Toys,9.99,309,805,Hasbro,8.75,629,4/27/2024,white,8041.95
"Puffer Jacket (Red, XXL)",Clothing,80,0,377,H&M,7.65,303,3/4/2021,red,30160
"Alphabounce (Blue, EU 39)",Shoes,90,324,393,Adidas,,312,6/18/2025,blue,35370
Surface Keyboard (Purple),Keyboards,89.99,,792,Microsoft,8.75,634,12/25/2025,purple,71272.08
Zipcode Design Desk (Green),Furniture,150,282,540,Wayfair,8.25,422,5/17/2020,green,81000
Foodi Smoothie Bowl Maker (White),Kitchen,119.99,34,501,Ninja,8.75,402,8/31/2022,white,60114.99
"Spectre x360 13 (128GB, Purple)",Laptops,999,444,12,HP,8.3,9,5/24/2023,purple,11988
"6 (512GB, Black)",Smartphones,699,0,566,OnePlus,8.75,437,6/22/2024,black,395634
Ebern Designs Convertible Sofa (Gray),Furniture,350,265,431,Wayfair,7.8,339,11/13/2022,gray,150850
"Inspiron 15 3000 (64GB, Green)",Laptops,400,258,42,Dell,7.5,31,12/18/2024,green,16800
Wireless Mobile Mouse 4000 (Black),Mice,30,0,649,Microsoft,8.5,523,6/13/2024,black,19470
"Cotton Chino Pants (Red, L)",Clothing,34.99,0,208,H&M,8.5,154,1/8/2021,red,7277.92
"Own the Run Tee (Gray, XS)",Clothing,25,79,294,Adidas,8.5,236,5/3/2022,gray,7350
PS Vita (Orange),Gaming Consoles,300,204,553,Sony,8.5,462,8/3/2023,orange,165900
Watch Series 6 (Gray),Watches,399,46,990,Apple,,812,3/22/2021,gray,395010
Battleship (White),Toys,24.99,109,577,Hasbro,8.5,435,6/24/2022,white,14419.23
"Tab P12 Pro (256GB, Red)",Tablets,699,163,462,Lenovo,8.5,367,4/2/2024,red,322938
Orochi V2 (Yellow),Mice,69.99,375,464,Razer,8.75,370,9/5/2024,yellow,32475.36
"Surface Go (1TB, Black)",Tablets,750,0,843,Microsoft,7.8,673,3/26/2024,black,632250
"992 (Yellow, EU 40)",Shoes,175,56,763,New Balance,,599,5/5/2025,yellow,133525
"Galaxy Tab S4 (128GB, Gray)",Tablets,499.99,296,466,Samsung,8.5,369,9/6/2023,gray,232995.34
Rainforest Jumperoo (Purple),Toys,124.99,0,554,Fisher-Price,9.25,425,10/17/2024,purple,69244.46
"UHD UM7300 (65"", Gray frame)",TVs,699,0,67,LG,8.2,50,2/21/2021,gray,46833
"ProBook 450 G7 (256GB, Blue)",Laptops,650,0,853,HP,8.2,670,2/20/2022,blue,554450
"8T (128GB, Black)",Smartphones,499,288,585,OnePlus,8.5,466,1/28/2021,black,291915
"Spectre x360 13 (64GB, Black)",Laptops,1199,399,536,HP,8.7,443,9/21/2021,black,642664
WWE Action Figure (Purple),Toys,19.99,366,135,Mattel,8.3,113,10/28/2025,purple,2698.65
"Yeezy 700 (Gray, EU 42)",Shoes,300,250,899,Adidas,8.75,722,6/16/2023,gray,269700
Three Posts Reistville Panel Bed (Blue),Furniture,350,131,969,Wayfair,8.5,784,7/18/2022,blue,339150
Watch Series 7 (White),Watches,399,139,215,Apple,9.2,177,2/25/2024,white,85785
"WF-1000XM3 (Wired, Purple)",Headphones,130,127,592,Sony,8.7,457,4/19/2023,red,76960
Apex 100 (Blue),Keyboards,39.99,0,421,SteelSeries,7.85,334,7/12/2023,blue,16835.79
Galaxy Watch (Purple),Watches,199,388,209,Samsung,8.75,172,4/1/2022,purple,41591
HD9650/99 Premium Airfryer (Blue),Kitchen,349.99,0,122,Philips,8.75,92,2/23/2024,blue,42698.78
"MacBook Pro 14 (2021) (512GB, White)",Laptops,1999,0,42,Apple,,33,12/30/2025,white,83958
"1080v11 (Black, EU 40)",Shoes,150,239,953,New Balance,9.2,780,12/11/2025,black,142950
Venu 2 (Green),Watches,399.99,0,114,Garmin,8.75,93,2/23/2021,green,45598.86
"QLED Q70A (50"", Blue frame)",TVs,899,344,76,Samsung,8.75,61,3/14/2025,blue,68324
"Future Rider (Red, EU 42)",Shoes,90,0,687,Puma,8.5,549,1/26/2025,red,61830
"NanoCell 80 (65"", Green frame)",TVs,1199,95,316,LG,8.75,260,7/22/2023,green,378884
"Mate 20 (256GB, Green)",Smartphones,499,98,289,Huawei,7.8,226,8/22/2023,green,144211
Gear S3 Frontier (Yellow),Watches,299.99,177,534,Samsung,8.5,437,2/13/2022,yellow,160194.66
SNES (Orange),Gaming Consoles,150,0,316,Nintendo,9.2,244,3/13/2021,orange,47400
"ThinkPad X1 Yoga (4th Gen) (512GB, Yellow)",Laptops,1400,0,130,Lenovo,8.5,110,5/1/2022,yellow,182000
Air Fryer AF101 (Blue),Kitchen,99.99,0,818,Ninja,9.25,671,1/25/2023,blue,81791.82
"UA Rush T-Shirt (Orange, XXL)",Clothing,45,0,319,Under Armour,8.2,253,9/6/2020,orange,14355
"Alienware m15 R3 (64GB, White)",Laptops,2500,288,511,Dell,,418,1/7/2020,white,1277500
Edge Water Computer Desk (Gray),Furniture,180,0,512,Sauder,8.5,414,12/17/2022,gray,92160
"Galaxy S8 (128GB, Gray)",Smartphones,499,371,449,Samsung,7.9,363,9/30/2021,gray,224051
"5 (512GB, Green)",Smartphones,699,50,124,OnePlus,8.75,100,11/5/2020,green,86676
"Redmi Note 10 (64GB, Blue)",Smartphones,199,0,356,Xiaomi,8.7,288,9/30/2024,red,70844
ST (Purple),Gaming Consoles,79.99,262,586,Atari,7.85,473,8/27/2023,purple,46874.14
"QuietComfort 45 (Wired, Black)",Headphones,329,0,859,Bose,9,678,11/25/2024,red,282611
"12 (1TB, Black)",Smartphones,399,320,203,Xiaomi,8.5,158,4/12/2020,black,80997
"Air Max 270 (Brown, EU 42)",Shoes,150,225,964,Nike,,766,6/29/2020,brown,144600
Aerox 3 Wireless (Blue),Mice,99.99,68,348,SteelSeries,8.65,271,3/4/2020,blue,34796.52
"IdeaPad 5 (64GB, Purple)",Laptops,700,442,998,Lenovo,8.5,771,7/25/2021,purple,698600
Switch OLED (Orange),Gaming Consoles,349.99,171,565,Nintendo,9.2,442,1/29/2022,orange,197744.35
Connect 4 (Black),Toys,10.99,470,93,Hasbro,8.75,76,5/13/2022,black,1022.07
Watch Series 3 (White),Watches,199,48,140,Apple,8.75,117,4/17/2023,white,27860
Huntsman Tournament Edition (Purple),Keyboards,129.99,76,870,Razer,8.75,674,3/17/2023,purple,113091.3
"Trucker Jacket (Green, XL)",Clothing,89.99,0,908,Levi's,8.75,719,4/6/2021,green,81710.92
Ornata Chroma (Green),Keyboards,59.99,499,300,Razer,8.3,233,1/6/2021,green,17997
"MacBook Pro 13 (2019) (64GB, Green)",Laptops,2299,375,616,Apple,8.75,479,12/1/2024,green,1416184
Darcy Sofa (Blue),Furniture,399.99,349,420,Ashley Furniture,8.3,338,2/10/2025,blue,167995.8
HD2137 Pressure Cooker (Orange),Kitchen,120,0,168,Philips,8.75,146,1/30/2020,orange,20160
"Poco F3 (128GB, Blue)",Smartphones,299,0,611,Xiaomi,8.5,500,6/7/2022,blue,182689
Xbox 360 Elite (Orange),Gaming Consoles,150,232,937,Microsoft,7.5,758,7/8/2024,orange,140550
"Galaxy Tab S8 Ultra (64GB, Purple)",Tablets,999,89,585,Samsung,8.75,472,1/29/2025,purple,584415
DeathStalker V2 (Gray),Keyboards,199.99,434,649,Razer,8.5,525,3/21/2022,gray,129793.51
"6 (512GB, Orange)",Smartphones,729,106,75,OnePlus,8.5,61,2/9/2025,orange,54675
"Launch SW 7"" Shorts (Green, XS)",Clothing,30,451,378,Under Armour,8.5,309,3/19/2025,green,11340
"Disc Blaze (Brown, EU 46)",Shoes,120,251,733,Puma,8.75,575,1/1/2021,brown,87960
Hatchimals CollEGGtibles (Yellow),Toys,9.99,6,831,Spin Master,8.2,678,4/9/2023,yellow,8301.69
"Bravia A8H (50"", Yellow frame)",TVs,1499,0,961,Sony,8.75,788,1/20/2023,yellow,1440539
"Faux Leather Biker Jacket (Blue, L)",Clothing,49.99,198,122,H&M,8.5,93,8/6/2021,blue,6098.78
"ThinkBook 15 (512GB, Green)",Laptops,750,142,563,Lenovo,,452,8/6/2024,green,422250
"Iso-Chill Shorts (Green, L)",Clothing,50,326,412,Under Armour,8.75,334,2/17/2020,green,20600
Galaxy Watch 5 (Red),Watches,249.99,0,221,Samsung,8.75,173,10/21/2020,red,55247.79
"Galaxy Tab S8 Ultra (256GB, Brown)",Tablets,949.99,278,879,Samsung,9.2,691,12/26/2021,brown,835041.21
M720 Triathlon (Blue),Mice,49.99,276,497,Logitech,8.7,406,12/8/2022,blue,24845.03
"IE 80 S (Wireless, White)",Headphones,349.95,188,366,Sennheiser,8.75,298,2/14/2020,white,128081.7
"Bravia X85J (65"", Yellow frame)",TVs,1099,0,475,Sony,8.5,392,7/30/2024,yellow,522025
"Tab M8 (1TB, White)",Tablets,129.99,493,846,Lenovo,7.8,651,3/4/2024,white,109971.54
Versa (Orange),Watches,229.95,0,574,Fitbit,8.5,447,7/15/2025,orange,131991.3
"MacBook Air M2 (2022) (512GB, Blue)",Laptops,1399,0,581,Apple,9.2,450,2/21/2020,blue,812819
"Mate 30 (512GB, White)",Smartphones,799,0,177,Huawei,7.8,140,11/20/2020,white,141423
PS TV (Green),Gaming Consoles,150,242,452,Sony,7.5,361,6/6/2021,green,67800
"Surface Go 2 (512GB, Yellow)",Tablets,699,483,582,Microsoft,8.2,462,6/5/2024,yellow,406818
"Evolve2 65 (Wired, Green)",Headphones,150,7,943,Jabra,8.5,747,7/24/2024,red,141450
"QN90A Neo QLED (65"", Black frame)",TVs,1899.99,283,586,Samsung,9.2,442,6/26/2023,black,1113394.14
Hot and Cold Brewed System (Purple),Kitchen,179.99,0,361,Ninja,8.75,282,4/24/2023,purple,64976.39
"5T (256GB, Orange)",Smartphones,699,0,434,OnePlus,8.5,337,8/20/2023,orange,303366
"MediaPad M5 (128GB, Red)",Tablets,399,278,786,Huawei,8.2,648,10/8/2021,red,313614
"Clyde (Yellow, EU 39)",Shoes,85,0,785,Puma,8.25,627,7/26/2025,yellow,66725
Magic Trackpad (Late 2022) (Black),Mice,129,217,389,Apple,8.75,306,12/30/2023,black,50181
"Air Max 270 (Green, EU 42)",Shoes,150,23,770,Nike,8.75,623,3/12/2025,green,115500
"55PUS7956/12 (50"", Orange frame)",TVs,549.99,164,902,Philips,8.3,729,4/22/2021,orange,496090.98
"Galaxy Tab S4 (1TB, Purple)",Tablets,849.99,0,992,Samsung,8.75,820,9/24/2023,purple,843190.08
"MatePad Pro (128GB, Green)",Tablets,599,67,204,Huawei,8.2,164,5/6/2021,green,122196
"512 Slim Taper Jeans (White, XS)",Clothing,89.5,0,770,Levi's,,601,12/24/2022,white,68915
"Surface Pro X (512GB, White)",Tablets,1499,0,707,Microsoft,8.5,565,2/19/2023,white,1059793
"Yeezy 700 (Gray, EU 44)",Shoes,300,76,389,Adidas,8.75,319,5/23/2025,gray,116700
Duo Nova (White),Kitchen,99.99,327,657,Instant Pot,9.25,509,2/20/2024,white,65693.43
"Galaxy S10 (128GB, Purple)",Smartphones,399,457,789,Samsung,8.5,623,6/16/2021,purple,314811
"HeatGear Compression Shirt (Black, XXL)",Clothing,30,0,284,Under Armour,8.75,226,11/11/2021,black,8520
"Redmi Note 9 (128GB, Brown)",Smartphones,180,66,670,Xiaomi,8.2,535,12/4/2020,red,120600
K63 Wireless (Gray),Keyboards,89.99,180,34,Corsair,8.45,25,8/19/2023,gray,3059.66
Galaxy Watch Active2 (White),Watches,249.99,182,749,Samsung,8.45,596,2/8/2022,white,187242.51
Laugh & Learn Smart Stages Puppy (Yellow),Toys,24.99,0,55,Fisher-Price,9.2,44,2/3/2021,yellow,1374.45
"ENVY 13 (64GB, Black)",Laptops,849,39,166,HP,8.5,132,9/16/2022,black,140934
"Tab P11 (64GB, Blue)",Tablets,229,316,258,Lenovo,8.2,211,2/24/2023,blue,59082
Avance Collection Indoor Grill (White),Kitchen,250,0,576,Philips,8.5,467,11/3/2023,white,144000
"Galaxy S9 (512GB, White)",Smartphones,749,349,906,Samsung,8.5,733,6/14/2023,white,678594
"55PUS7334 (55"", Brown frame)",TVs,600,0,195,Philips,,158,5/4/2022,brown,117000
Inspire HR (Orange),Watches,99.95,0,91,Fitbit,8.2,70,8/16/2025,orange,9095.45
MARQ Athlete (Black),Watches,1500,0,133,Garmin,8.7,111,12/4/2021,black,199500
"QLED Q70A (75"", Yellow frame)",TVs,2199,64,813,Samsung,8.75,630,11/11/2022,yellow,1787787
"OLED C1 (75"", Blue frame)",TVs,2499,231,322,LG,8.75,260,3/7/2024,blue,804678
Laugh & Learn Smart Stages Chair (Purple),Toys,39.99,140,629,Fisher-Price,9.2,494,12/15/2023,purple,25153.71
Palladia Armoire (Brown),Furniture,400,,467,Sauder,8.5,390,11/19/2023,brown,186800
"Legion 5 (256GB, Blue)",Laptops,999,243,616,Lenovo,8.5,505,3/23/2021,blue,615384
Smart Screen Blender (Gray),Kitchen,139.99,0,298,Ninja,8.75,232,1/18/2025,gray,41717.02
"Yeezy Boost 350 V2 (Purple, EU 40)",Shoes,220,414,712,Adidas,8.9,586,7/4/2025,purple,156640
Venu (Blue),Watches,349.99,124,735,Garmin,8.5,592,11/27/2025,blue,257242.65
"iPad Air (2022) (256GB, Purple)",Tablets,749,,145,Apple,,113,9/13/2024,purple,108605
PS TV (Brown),Gaming Consoles,100,253,802,Sony,8.5,624,1/3/2021,brown,80200
"Tab M10 FHD Plus (128GB, White)",Tablets,250,497,380,Lenovo,8.3,306,3/8/2023,white,95000
Bladen Sofa (White),Furniture,450,48,437,Ashley Furniture,8.75,346,2/25/2024,white,196650
"Sportswear Tech Fleece Pants (Black, XL)",Clothing,100,0,353,Nike,8.75,291,8/16/2025,black,35300
PlayStation 2 (Black),Gaming Consoles,50,73,763,Sony,8.5,615,2/22/2024,black,38150
"Instapump Fury (Purple, EU 38)",Shoes,180,0,821,Reebok,8.5,671,4/8/2023,purple,147780
Watch Series 1 (White),Watches,249,83,9,Apple,8.35,9,12/18/2022,white,2241
"Surface Pro 6 (1TB, Red)",Tablets,1499,0,312,Microsoft,8.5,240,4/16/2020,red,467688
"Samba (Blue, EU 38)",Shoes,100,47,157,Adidas,,125,5/27/2020,blue,15700
Duo 7-in-1 (Yellow),Kitchen,129.99,57,340,Instant Pot,8.75,270,12/14/2025,yellow,44196.6
Magic Mouse (Green),Mice,99,0,219,Apple,8.75,170,10/19/2023,green,21681
"P30 Pro (512GB, Green)",Smartphones,850,383,130,Huawei,8.2,104,10/20/2025,green,110500
Ninjago City (70620) (Blue),Toys,299.99,245,967,LEGO,9.5,778,11/14/2022,blue,290090.33
"Surface Go 2 (256GB, Brown)",Tablets,629.99,0,448,Microsoft,8.5,358,12/23/2025,brown,282235.52
"QuietComfort 45 (Wireless, Purple)",Headphones,329,234,249,Bose,,198,6/25/2023,purple,81921
Cynosa Chroma (Orange),Keyboards,59.99,451,811,Razer,8.75,651,11/26/2022,orange,48651.89
"ENVY 13 (1TB, Purple)",Laptops,1099,0,892,HP,8.5,726,10/28/2024,purple,980308
"Galaxy Tab S4 (64GB, Red)",Tablets,399.99,0,847,Samsung,8.5,659,12/29/2021,red,338791.53
"Iso-Chill Shorts (Gray, XS)",Clothing,40,159,616,Under Armour,8.75,491,2/22/2022,gray,24640
"65R635 (43"", Green frame)",TVs,400,0,54,TCL,8.75,42,7/3/2024,green,21600
Pasta Maker (Orange),Kitchen,150,1,648,Philips,8.75,527,3/23/2020,orange,97200
K100 RGB (Gray),Keyboards,229.99,42,624,Corsair,8.75,497,11/12/2024,gray,143513.76
"OLED A1 (55"", Black frame)",TVs,899,214,358,LG,8.75,293,8/4/2020,black,321842
"OLED A1 (75"", Purple frame)",TVs,2199,0,736,LG,8.4,601,7/27/2022,purple,1618464
Trinell TV Stand (Red),Furniture,400,313,223,Ashley Furniture,8.5,177,5/19/2021,red,89200
"Chromebook Flip C434 (1TB, Gray)",Laptops,599,327,668,Asus,8.5,541,2/12/2025,gray,400132
"Tech Shorts (Yellow, XS)",Clothing,35,155,668,Under Armour,8.5,536,10/10/2021,yellow,23380
"Mate 20 (128GB, White)",Smartphones,400,191,985,Huawei,8,775,4/9/2020,white,394000
"WH-XB900N (Wireless, Blue)",Headphones,148,202,547,Sony,8.5,433,2/22/2021,blue,80956
Wireless Keyboard 900 (Brown),Keyboards,29.99,258,185,Microsoft,8.25,141,11/17/2020,brown,5548.15
"MacBook Air (2019) (1TB, Black)",Laptops,1299,0,197,Apple,8.5,160,3/2/2023,black,255903
"Galaxy Note10 (128GB, Purple)",Smartphones,399,0,607,Samsung,8.5,480,1/24/2025,purple,242193
Luxe (Purple),Watches,129.95,7,469,Fitbit,8.75,388,5/27/2020,purple,60946.55
Ninjago City (70620) (Orange),Toys,299.99,75,426,LEGO,9.2,349,11/27/2023,orange,127795.74
Magic Mouse (Late 2022) (Yellow),Mice,99,169,834,Apple,,652,2/26/2024,yellow,82566
"Tab M8 (128GB, Purple)",Tablets,150,160,132,Lenovo,7.5,108,7/10/2021,purple,19800
Bluetooth Mouse (Blue),Mice,25.99,146,673,Microsoft,8.7,535,3/30/2024,blue,17491.27
Xbox 360 (Blue),Gaming Consoles,60,0,71,Microsoft,7.5,55,5/27/2021,blue,4260
Orchard Hills TV Stand (Orange),Furniture,180,190,816,Sauder,8.75,659,3/13/2022,orange,146880
PS Vita (White),Gaming Consoles,150,0,596,Sony,8.5,475,8/31/2020,white,89400
"IdeaPad Flex 5 (512GB, Orange)",Laptops,750,353,273,Lenovo,8.25,223,11/21/2024,orange,204750
Pathfinder PAG240 (Brown),Watches,280,0,974,Casio,8.75,773,10/25/2021,brown,272720
"VivoBook S15 (1TB, Gray)",Laptops,850,440,417,Asus,8.2,338,6/29/2025,gray,354450
"MatePad Pro 12.6 (1TB, Green)",Tablets,1099,284,488,Huawei,8.5,387,8/14/2024,green,536312
Beginnings TV Stand (Black),Furniture,120,406,576,Sauder,8.25,449,4/27/2025,black,69120
Mirra 2 Chair (Brown),Furniture,1400,23,195,Herman Miller,9.2,158,1/26/2025,brown,273000
Duo Crisp + Air Fryer (Purple),Kitchen,159.99,257,790,Instant Pot,,628,10/17/2020,purple,126392.1
"327 (Yellow, EU 39)",Shoes,110,0,721,New Balance,8.75,572,3/6/2021,yellow,79310
Mirra 2 Chair (Red),Furniture,1445,0,199,Herman Miller,,161,10/3/2020,red,287555
"Tab P11 (128GB, Green)",Tablets,299,205,240,Lenovo,8.5,177,1/23/2025,green,71760
K100 RGB (Brown),Keyboards,229.99,166,965,Corsair,8.75,764,3/23/2020,brown,221940.35
"iPad Pro 11 (2018) (256GB, Brown)",Tablets,799,123,704,Apple,9,565,12/28/2025,brown,562496
"WH-CH710N (Wired, Black)",Headphones,98,131,724,Sony,8.25,580,5/16/2023,red,70952
Baby-G BA110 (Gray),Watches,120,468,707,Casio,8.75,571,7/25/2021,gray,84840
"QuietComfort Earbuds (Wired, Blue)",Headphones,129,497,758,Bose,8.5,610,11/24/2020,red,97782
NES (White),Gaming Consoles,150,290,762,Nintendo,9.5,615,2/16/2023,white,114300
Sayl Chair (Purple),Furniture,725,489,912,Herman Miller,8.8,714,1/12/2022,purple,661200
Draycoll Recliner (Purple),Furniture,450,0,466,Ashley Furniture,8.25,372,5/14/2024,purple,209700
Classic Hand Mixer (Purple),Kitchen,59.99,342,350,KitchenAid,8.75,288,1/27/2024,purple,20996.5
"iPhone 13 (512GB, Black)",Smartphones,1299,241,387,Apple,9.15,294,11/3/2021,black,502713
"Curry Basketball Jersey (Blue, L)",Clothing,100,75,829,Under Armour,9.25,652,10/26/2024,blue,82900
"511 Slim Jeans (Black, XXL)",Clothing,69.5,82,804,Levi's,8.75,631,11/15/2020,black,55878
G213 Prodigy (Black),Keyboards,49.99,461,622,Logitech,8.5,489,7/8/2024,black,31093.78
"Cotton Chino Pants (Yellow, S)",Clothing,24.99,397,944,H&M,8.2,752,5/27/2025,yellow,23590.56
"iPad Air (2019) (128GB, Brown)",Tablets,499,348,112,Apple,8.75,88,1/24/2022,brown,55888
"65OLED936 (43"", Orange frame)",TVs,1399,118,929,Philips,7.85,739,10/25/2022,orange,1299671
Creator Ford Mustang (10265) (Orange),Toys,169.99,95,66,LEGO,9.2,56,3/6/2021,orange,11219.34
MX Anywhere 2S (Yellow),Mice,79.99,119,934,Logitech,8.75,753,2/22/2021,yellow,74710.66
"FC Barcelona Home Jersey (Black, XS)",Clothing,90,220,237,Nike,8.5,198,3/9/2021,black,21330
"iPhone 6 (1TB, Blue)",Smartphones,6,0,501,Apple,7,399,1/5/2020,blue,3006
"Crewneck Sweatshirt (White, XXL)",Clothing,24.99,0,856,H&M,8.35,700,12/28/2022,white,21391.44
"511 Slim Jeans (Green, S)",Clothing,69.5,0,931,Levi's,8.45,746,2/13/2023,green,64704.5
"WH-CH710N (Wired, Gray)",Headphones,99.99,0,162,Sony,8.25,126,2/12/2022,red,16198.38
"Galaxy S9 (128GB, Purple)",Smartphones,250,393,521,Samsung,8.5,430,11/19/2023,purple,130250
Modern Keyboard with Fingerprint ID (Blue),Keyboards,129.99,10,203,Microsoft,8.5,164,5/8/2025,blue,26387.97
"WF-C500 (Wired, Black)",Headphones,79.99,283,224,Sony,8.35,177,3/12/2022,red,17917.76
"Dri-FIT T-Shirt (Green, L)",Clothing,35,113,267,Nike,8.75,208,10/7/2020,green,9345
Wireless Mobile Mouse 4000 (White),Mice,29.99,51,573,Microsoft,8.2,464,7/12/2024,white,17184.27
"iPhone 14 (512GB, Blue)",Smartphones,1199,382,175,Apple,9.4,140,4/18/2021,blue,209825
"Basket (Gray, EU 46)",Shoes,65,465,553,Puma,8.7,450,4/26/2024,gray,35945
"HD 599 (Wireless, White)",Headphones,199.95,77,560,Sennheiser,8.75,473,12/21/2022,white,111972
BlackWidow V3 (Black),Keyboards,139.99,0,951,Razer,8.75,766,7/9/2025,black,133130.49
Aeron Chair (Purple),Furniture,1395,0,768,Herman Miller,9.4,617,11/4/2020,purple,1071360
"327 (White, EU 38)",Shoes,100,477,170,New Balance,8.75,134,1/7/2023,white,17000
"ZoomX Vaporfly Next% (White, EU 38)",Shoes,250,437,421,Nike,9.2,337,11/25/2020,white,105250
"QN85A Neo QLED (75"", White frame)",TVs,2499,420,792,Samsung,8.7,654,10/29/2021,white,1979208
"MatePad Pro (64GB, Orange)",Tablets,499,207,609,Huawei,8,493,12/11/2021,orange,303891
"Galaxy Z Flip (128GB, Green)",Smartphones,999.99,0,75,Samsung,8.5,58,1/16/2023,green,74999.25
Sculpt Ergonomic Keyboard (Black),Keyboards,60,0,602,Microsoft,8.75,491,12/1/2025,black,36120
"Bravia A80J (50"", Green frame)",TVs,1399,423,847,Sony,,681,12/12/2023,green,1184953
Soup Maker (Blue),Kitchen,120,100,233,Philips,8.75,185,1/23/2020,blue,27960
Galaxy Watch 4 Classic (Red),Watches,249,0,169,Samsung,8.7,141,11/17/2024,red,42081
"Galaxy S9 (1TB, Black)",Smartphones,999,,415,Samsung,8.5,345,7/7/2024,black,414585
G-Shock GA700 (Blue),Watches,99,282,44,Casio,8.5,32,7/7/2021,blue,4356
Panini Duo (Gray),Kitchen,89.99,49,197,Breville,8.75,154,1/28/2020,gray,17728.03
Sensei 310 (Brown),Mice,49.99,349,396,SteelSeries,9.1,315,6/11/2022,brown,19796.04
"Bravia X80J (50"", Gray frame)",TVs,700,0,473,Sony,,386,5/18/2021,gray,331100
"Nova 9 (256GB, Orange)",Smartphones,450,0,115,Huawei,8.2,97,8/30/2022,orange,51750
K100 RGB (Red),Keyboards,229.99,246,938,Corsair,9.15,747,12/12/2020,red,215730.62
"MacBook Air M1 (2020) (512GB, Yellow)",Laptops,1199,152,11,Apple,8.75,9,10/26/2024,yellow,13189
Lack Coffee Table (Blue),Furniture,49.99,0,235,IKEA,8.25,182,4/25/2024,blue,11747.65
Monopoly Board Game (Gray),Toys,20,243,954,Hasbro,8.5,750,5/18/2022,gray,19080
"6-Series R648 (8K) (75"", Green frame)",TVs,2999,0,734,TCL,8.75,588,7/24/2023,green,2201266
Gear Fit2 Pro (White),Watches,120,246,811,Samsung,8.5,641,4/2/2024,white,97320
Pathfinder PAG240 (Purple),Watches,250,97,759,Casio,8.75,592,11/15/2023,purple,189750
"Slim Fit Suit Pants (Red, XL)",Clothing,49.99,384,667,H&M,8.3,514,10/22/2021,red,33343.33
"Zoom Freak 3 (Red, EU 38)",Shoes,120,10,227,Nike,8.75,184,8/1/2024,red,27240
Magic Trackpad (Late 2022) (Red),Mice,149,195,222,Apple,8.75,175,10/29/2021,red,33078
Apex M750 (Black),Keyboards,139.99,0,450,SteelSeries,8.7,361,1/27/2021,black,62995.5
"Suede Classic (Brown, EU 46)",Shoes,70,0,843,Puma,8.25,669,3/1/2020,brown,59010
"Crewneck Sweatshirt (White, M)",Clothing,24.99,0,142,H&M,8.4,116,2/15/2022,white,3548.58
"HeatGear Compression Shirt (Purple, M)",Clothing,30,141,782,Under Armour,9.2,627,6/25/2025,purple,23460
"QuietComfort 45 (Wired, Green)",Headphones,329,0,766,Bose,8.75,614,9/12/2021,red,252014
"Suede Classic (Green, EU 44)",Shoes,70,0,492,Puma,8.75,385,12/8/2022,green,34440
Avance Collection Indoor Grill (Brown),Kitchen,250,365,520,Philips,8.5,420,7/4/2025,brown,130000
N64 (Green),Gaming Consoles,120,0,728,Nintendo,8.75,588,5/8/2020,green,87360
"75PML9506 (43"", Brown frame)",TVs,1200,0,373,Philips,,310,6/23/2020,brown,447600
"Noise Cancelling Headphones 700 (Wireless, Blue)",Headphones,379,,151,Bose,,119,5/4/2022,blue,57229
Pro Type Ultra (Yellow),Keyboards,159.99,370,605,Razer,9.25,485,12/6/2025,yellow,96793.95
Kallax Shelving Unit (Black),Furniture,89.99,0,965,IKEA,8.75,766,3/18/2023,black,86840.35
"Galaxy Tab S8 Ultra (512GB, White)",Tablets,1199.99,0,192,Samsung,9.25,147,10/2/2024,white,230398.08
"Galaxy Tab S8 (1TB, Gray)",Tablets,1179.99,197,506,Samsung,8.7,407,10/21/2023,gray,597074.94
DeathAdder V2 (Gray),Mice,69.99,497,463,Razer,8.75,383,5/5/2024,gray,32405.37
"Powerbeats Pro (Wireless, Red)",Headphones,199.95,14,542,Apple,8.5,440,3/20/2020,red,108372.9
"Superstar (Red, EU 39)",Shoes,85,95,419,Adidas,,334,4/19/2025,red,35615
Panini Duo (Red),Kitchen,49.99,268,784,Breville,8.75,613,2/4/2023,red,39192.16
Clue (Red),Toys,20,248,129,Hasbro,8.75,100,3/16/2023,red,2580
G Pro Wireless (Green),Mice,129.99,389,31,Logitech,8.75,23,12/14/2025,green,4029.69
XEGS (Gray),Gaming Consoles,150,141,57,Atari,7.5,45,10/27/2022,gray,8550
Watch Ultra (Gray),Watches,799,304,895,Apple,9.2,685,2/27/2022,gray,715105
Watch Series 8 (Brown),Watches,399,,393,Apple,8.75,315,3/7/2025,brown,156807
"UHD UN7300 (65"", Brown frame)",TVs,649,249,889,LG,8.5,706,1/16/2021,brown,576961
5-Speed Classic Blender (Black),Kitchen,99.99,433,308,KitchenAid,,244,10/20/2021,black,30796.92
NES (Green),Gaming Consoles,150,142,443,Nintendo,8.5,366,11/27/2021,green,66450
"Galaxy S21 (128GB, Yellow)",Smartphones,649.99,329,620,Samsung,8.7,492,10/16/2022,yellow,402993.8
"Pump Omni Lite (Gray, EU 38)",Shoes,150,219,288,Reebok,,235,1/9/2021,gray,43200
Strandmon Wing Chair (Black),Furniture,279,269,491,IKEA,8.5,394,8/17/2024,black,136989
Apex 100 (Gray),Keyboards,39.99,210,545,SteelSeries,8.5,424,6/22/2021,gray,21794.55
"iPhone 7 (512GB, Green)",Smartphones,299,64,787,Apple,7.5,639,7/6/2023,green,235313
"MDR-7506 (Wireless, Black)",Headphones,150,168,535,Sony,8.75,437,9/29/2020,black,80250
"Galaxy Tab A8 (64GB, Red)",Tablets,230,236,298,Samsung,8.2,231,6/14/2025,red,68540
Wii (White),Gaming Consoles,89.99,0,881,Nintendo,8.75,682,2/7/2022,white,79281.19
Nomad (Gray),Gaming Consoles,200,314,494,Sega,7.5,410,8/13/2020,gray,98800
"Sportswear Club Fleece Joggers (Black, L)",Clothing,55,202,231,Nike,8.75,179,4/6/2020,black,12705
Venu 2 (Red),Watches,399.99,498,873,Garmin,8.75,695,2/9/2022,red,349191.27
"React Infinity Run (Orange, EU 44)",Shoes,160,281,165,Nike,8.75,121,10/17/2021,orange,26400
"iPhone 14 (64GB, Purple)",Smartphones,799,,811,Apple,8.75,657,8/30/2023,purple,647989
Fenix 6 (White),Watches,499.99,100,437,Garmin,8.75,347,3/27/2021,white,218495.63
"Sleepbuds II (Wired, Orange)",Headphones,249,327,814,Bose,8.5,658,1/25/2020,red,202686
"Ignite Limitless (Yellow, EU 46)",Shoes,100,489,290,Puma,8.5,235,4/12/2023,yellow,29000
Hot Wok Pro (Yellow),Kitchen,129.99,240,926,Breville,8.75,757,12/16/2020,yellow,120370.74
"Dunk Low (Orange, EU 39)",Shoes,110,33,670,Nike,8.75,540,3/21/2024,orange,73700
"Ribcage Straight Ankle (Black, XXL)",Clothing,108,0,5,Levi's,8.75,4,7/11/2025,black,540
Venu 2 (Purple),Watches,399.99,0,953,Garmin,8.5,762,2/14/2023,purple,381190.47
"Latitude 7400 (512GB, Orange)",Laptops,1299,246,507,Dell,8.5,420,5/12/2020,orange,658593
"Air Zoom Pegasus 38 (Gray, EU 39)",Shoes,120,214,881,Nike,8.75,718,2/23/2022,gray,105720
Watch Series 7 (Yellow),Watches,399,64,829,Apple,8.75,642,8/12/2021,yellow,330771
"FC Barcelona Home Jersey (Gray, L)",Clothing,90,382,379,Nike,8.75,302,6/1/2024,gray,34110
"Galaxy Tab S8 (128GB, Brown)",Tablets,699,0,603,Samsung,8.75,488,12/29/2025,brown,421497
"Galaxy S8 (1TB, Brown)",Smartphones,1100,0,212,Samsung,9.25,169,7/15/2020,brown,233200
"OLED G1 (55"", Black frame)",TVs,1699,0,680,LG,9.2,527,6/7/2022,black,1155320
Strandmon Wing Chair (White),Furniture,349,312,666,IKEA,8.75,529,5/22/2023,white,232434
Foodi Grill (Blue),Kitchen,199.99,487,998,Ninja,9,819,9/11/2021,blue,199590.02
Viper Mini (Green),Mice,39.99,0,360,Razer,8.75,284,5/12/2024,green,14396.4
"Galaxy Z Flip (1TB, Brown)",Smartphones,1699,117,880,Samsung,8.75,698,8/16/2020,brown,1495120
"Own the Run Tee (Yellow, XL)",Clothing,30,0,601,Adidas,8.75,471,9/19/2022,yellow,18030
Rock-a-Stack (Red),Toys,9.99,0,896,Fisher-Price,9.2,717,4/16/2024,red,8951.04
"Windrunner Jacket (Brown, XS)",Clothing,120,356,354,Nike,8.5,293,9/22/2025,brown,42480
Inspire HR (Black),Watches,99.95,328,742,Fitbit,8.5,592,10/21/2023,black,74162.9
Magic Mouse (Orange),Mice,79,250,985,Apple,8.5,791,2/24/2024,orange,77815
"MatePad T10 (64GB, Red)",Tablets,180,110,702,Huawei,7.85,537,5/30/2024,red,126360
"Yoga 9i (128GB, Brown)",Laptops,1199,434,54,Lenovo,8.95,41,12/11/2025,brown,64746
"ZenBook Duo 14 (64GB, Green)",Laptops,1500,286,954,Asus,8.5,774,6/26/2024,green,1431000
Jenga (Green),Toys,14.99,13,210,Hasbro,8.75,158,4/15/2023,green,3147.9
"RC Elite (Red, EU 42)",Shoes,225,257,567,New Balance,8.75,456,5/11/2025,red,127575
Lancehead TE (Purple),Mice,80,0,980,Razer,8.75,775,10/26/2024,purple,78400
Food Processor KFP1466 (Brown),Kitchen,299.99,0,686,KitchenAid,9.15,545,2/7/2021,brown,205793.14
Xbox 360 Elite (Yellow),Gaming Consoles,150,0,503,Microsoft,7.5,403,9/8/2024,yellow,75450
Pathfinder PAG240 (Blue),Watches,250,0,796,Casio,8.75,638,8/30/2024,blue,199000
"3-Stripes Track Jacket (White, XL)",Clothing,65,0,421,Adidas,8.75,343,8/27/2020,white,27365
Air Fryer XXL (Gray),Kitchen,249.99,307,365,Philips,8.75,295,7/1/2025,gray,91246.35
Viper Ultimate (Black),Mice,149.99,151,56,Razer,9.25,44,5/3/2020,black,8399.44
"Bravia X85J (75"", Blue frame)",TVs,1699,265,871,Sony,8.75,691,11/22/2025,blue,1479829
Duo Nova (Red),Kitchen,99.95,131,52,Instant Pot,8.75,48,7/27/2022,red,5197.4
"Yoga Slim 7 (1TB, Blue)",Laptops,1299,0,216,Lenovo,8.75,172,6/26/2025,blue,280584
"Surface Go 3 (64GB, Brown)",Tablets,399.99,0,735,Microsoft,7.8,579,11/23/2020,brown,293992.65
Scrabble (Black),Toys,19.99,0,463,Mattel,8.75,358,12/14/2023,black,9255.37
G810 Orion Spectrum (Brown),Keyboards,159.99,0,967,Logitech,8.75,777,11/12/2024,brown,154710.33
Duo Evo Plus (Gray),Kitchen,129.99,,645,Instant Pot,8.7,521,3/24/2024,gray,83843.55
"iPhone 13 (512GB, Gray)",Smartphones,1099,333,43,Apple,9.52,34,2/25/2022,gray,47257
Flashback Portable (Blue),Gaming Consoles,39.99,0,19,Atari,8.25,12,7/9/2022,blue,759.81
"IdeaPad Duet Chromebook (256GB, Green)",Tablets,299,428,955,Lenovo,8.5,741,5/18/2021,green,285545
BlackWidow Elite (Green),Keyboards,129.99,211,421,Razer,8.7,332,10/14/2021,green,54725.79
"6T (64GB, Purple)",Smartphones,299,0,778,OnePlus,8.5,627,2/21/2025,purple,232622
Sculpt Ergonomic Keyboard (White),Keyboards,90,64,769,Microsoft,,618,9/27/2025,white,69210
"Real Madrid Home Jersey (Yellow, XS)",Clothing,90,130,504,Adidas,8.5,413,10/13/2025,yellow,45360
"MatePad 11 (1TB, Green)",Tablets,899,311,971,Huawei,8.5,768,10/9/2020,green,872929
"Cali (White, EU 40)",Shoes,80,149,991,Puma,8.5,794,6/9/2022,white,79280
Bluetooth Mouse (Orange),Mice,29.99,487,386,Microsoft,8.5,309,5/23/2022,blue,11576.14
"Bravia Z9F (50"", Black frame)",TVs,1599,0,992,Sony,8.75,817,2/13/2025,black,1586208
"65OLED936 (65"", White frame)",TVs,2800,166,914,Philips,8.5,711,7/26/2022,white,2559200
Kinetic Sand (Gray),Toys,14.99,0,527,Spin Master,8.75,420,8/21/2020,gray,7899.73
Nerf Elite 2.0 (Brown),Toys,24.99,244,602,Hasbro,8.5,480,5/27/2021,brown,15043.98
"iPad Air (2020) (512GB, Purple)",Tablets,749,368,948,Apple,8.75,785,9/2/2023,purple,710052
Naga Trinity (White),Mice,99.99,211,790,Razer,8.75,628,7/11/2024,white,78992.1
Masters of the Universe He-Man (Green),Toys,34.99,99,215,Mattel,9.2,185,2/26/2020,green,7522.85
Pro Mouse (Brown),Mice,79,138,187,Apple,8.75,157,8/9/2024,brown,14773
K60 RGB Pro (Purple),Keyboards,90,177,260,Corsair,8.75,201,4/23/2023,purple,23400
"Poco F3 (256GB, Black)",Smartphones,299,107,754,Xiaomi,8.75,585,7/14/2020,black,225446
Charge 5 (Brown),Watches,129.95,0,704,Fitbit,8.65,556,1/9/2022,brown,91484.8
"Basic Hoodie (White, M)",Clothing,25,440,225,H&M,7.8,170,5/14/2023,white,5625
"IdeaPad Flex 5 (1TB, Gray)",Laptops,800,0,123,Lenovo,8.75,103,2/9/2020,gray,98400
"65S535 (75"", Blue frame)",TVs,1299,473,783,TCL,8.5,630,11/28/2023,blue,1017117
"Curry Basketball Jersey (Red, XXL)",Clothing,120,0,824,Under Armour,8.75,633,1/8/2023,red,98880
"75PML9506 (55"", Purple frame)",TVs,1300,0,408,Philips,8.4,326,6/1/2023,purple,530400
"VivoBook 15 X512 (1TB, Orange)",Laptops,650,0,762,Asus,8.3,601,4/12/2024,orange,495300
Apex 350 (Orange),Keyboards,99.99,0,159,SteelSeries,8.25,130,10/3/2020,orange,15898.41
Prime Wireless (Orange),Mice,129.99,0,764,SteelSeries,8.75,619,9/6/2025,orange,99312.36
"Workout Plus (Yellow, EU 40)",Shoes,75,0,849,Reebok,8.3,654,10/22/2025,yellow,63675
"LinkBuds S (Wireless, Yellow)",Headphones,199.99,137,449,Sony,8.75,358,4/7/2022,yellow,89795.51
"Essentials Hoodie (Green, M)",Clothing,70,0,323,Adidas,8.5,258,9/17/2025,green,22610
"Ribcage Straight Ankle (Red, XL)",Clothing,98,136,930,Levi's,8.75,732,6/21/2022,red,91140
"VivoBook S15 (256GB, Orange)",Laptops,750,0,406,Asus,8.2,322,3/9/2022,orange,304500
"FC Barcelona Home Jersey (Orange, M)",Clothing,90,0,999,Nike,8.75,794,4/30/2025,orange,89910
"MediaPad M5 (64GB, Black)",Tablets,349.99,255,337,Huawei,8.25,276,10/14/2025,black,117946.63
Watch Series 6 (Orange),Watches,399,158,917,Apple,8.75,741,12/18/2023,orange,365883
"ThinkPad X1 Yoga (4th Gen) (256GB, White)",Laptops,1200,0,172,Lenovo,8.5,141,11/2/2025,white,206400
"Yoga Tab 13 (256GB, Gray)",Tablets,679,0,765,Lenovo,8.3,616,6/3/2020,gray,519435
"QLED Q80A (65"", Black frame)",TVs,1199,114,847,Samsung,8.7,682,1/17/2025,black,1015553
Switch (Black),Gaming Consoles,299.99,420,561,Nintendo,9.2,434,11/21/2022,black,168294.39
Foodi Grill (Blue),Kitchen,199.99,487,998,Ninja,9,801,9/11/2021,blue,199590.02
"Urbanite XL (Wired, Purple)",Headphones,149,311,671,Sennheiser,,517,12/3/2020,red,99979
Apex M800 (Yellow),Keyboards,199.99,151,736,SteelSeries,8.75,590,1/9/2024,yellow,147192.64
"Ignite (Orange, EU 46)",Shoes,120,67,478,Puma,,379,4/25/2022,orange,57360
"AirPods Pro (2nd generation) (Wired, Gray)",Headphones,249,0,425,Apple,9.4,347,10/13/2024,red,105825
Watch Ultra (Black),Watches,799,0,2,Apple,9.2,2,8/30/2021,black,1598
Darcy Sofa (Brown),Furniture,499.99,202,992,Ashley Furniture,8.45,807,12/18/2023,brown,495990.08
"Alphabounce (Yellow, EU 40)",Shoes,120,375,578,Adidas,8.5,457,7/3/2021,yellow,69360
"Linen Blend Shirt (Red, L)",Clothing,35,0,20,H&M,8.25,12,5/2/2025,red,700
Xbox One (Gray),Gaming Consoles,299,439,931,Microsoft,8.5,755,1/22/2023,gray,278369
UNO Card Game (Brown),Toys,7.99,28,150,Mattel,,121,3/13/2023,brown,1198.5
Luxe (White),Watches,129.95,329,872,Fitbit,8.75,691,9/17/2020,white,113316.4
Aeron Chair (Black),Furniture,1695,459,1,Herman Miller,9.5,0,10/17/2023,black,1695
Havalance Coffee Table (Red),Furniture,350,31,708,Ashley Furniture,8.5,565,6/1/2021,red,247800
2-Slice Toaster (Purple),Kitchen,59.99,5,900,KitchenAid,8.75,736,1/30/2024,purple,53991
Fenix 6 (Blue),Watches,399.99,0,123,Garmin,8.75,95,10/28/2024,blue,49198.77
2600 (White),Gaming Consoles,229.99,0,226,Atari,8.5,176,9/5/2020,white,51977.74
"QLED Q80A (43"", Brown frame)",TVs,799,138,371,Samsung,8.75,308,1/11/2025,brown,296429
"Gazelle (Brown, EU 39)",Shoes,100,192,325,Adidas,8.5,256,7/14/2023,brown,32500
G-Shock GA700 (Green),Watches,99,0,530,Casio,8.75,425,10/17/2023,green,52470
Watch Series 1 (Purple),Watches,199,314,511,Apple,7.8,393,1/26/2024,purple,101689
"iPad mini (2021) (256GB, Black)",Tablets,599,0,789,Apple,8.75,629,3/6/2025,black,472611
Genesis Mini (Gray),Gaming Consoles,79.99,0,566,Sega,9,450,12/26/2022,gray,45274.34
K65 RGB Mini (Blue),Keyboards,109.99,99,973,Corsair,8.75,785,1/4/2023,blue,107020.27
"ZenBook Duo 14 (1TB, Red)",Laptops,1499,66,315,Asus,,257,12/29/2020,red,472185
Classic Brick Set (10717) (Gray),Toys,45,0,413,LEGO,9.2,327,4/7/2020,gray,18585
M720 Triathlon (Black),Mice,49.99,181,225,Logitech,8.75,184,11/4/2024,black,11247.75
Strafe RGB MK.2 (Green),Keyboards,159.99,237,907,Corsair,8.75,731,7/30/2021,green,145110.93
"TUF Gaming A15 (128GB, Green)",Laptops,950,0,654,Asus,8.5,531,6/3/2021,green,621300
"G3 15 (256GB, Yellow)",Laptops,999,135,117,Dell,8.2,95,1/6/2022,yellow,116883
"Tab M10 FHD Plus (128GB, Gray)",Tablets,230,0,112,Lenovo,8.2,88,10/3/2023,gray,25760
Apex 7 (Purple),Keyboards,129.99,494,853,SteelSeries,9.2,686,6/17/2023,purple,110881.47
G213 Prodigy (Green),Keyboards,49.99,0,961,Logitech,8.5,750,12/19/2024,green,48040.39
"55PUS7956/12 (43"", Purple frame)",TVs,350,0,584,Philips,7.8,475,8/2/2022,purple,204400
"Noise Cancelling Headphones 700 (Wired, Brown)",Headphones,379,358,799,Bose,9.2,654,6/19/2020,red,302821
The Bambino Plus (Orange),Kitchen,499.95,410,107,Breville,8.75,84,9/27/2023,orange,53494.65
"Poco F3 (512GB, White)",Smartphones,400,191,919,Xiaomi,8.35,745,6/20/2022,white,367600
"Spectre x360 15 (128GB, Blue)",Laptops,1200,327,106,HP,8.7,81,9/28/2025,blue,127200
Sensei Ten (Black),Mice,69.99,219,835,SteelSeries,9.2,660,2/3/2022,black,58441.65
Sculpt Comfort Mouse (Orange),Mice,39.99,0,953,Microsoft,,758,6/24/2021,orange,38110.47
"11T (128GB, Yellow)",Smartphones,299,164,967,Xiaomi,8.45,773,8/18/2022,yellow,289133
"iPad Air (2022) (256GB, Blue)",Tablets,749,28,672,Apple,8.5,521,3/23/2023,blue,503328
"9 (64GB, White)",Smartphones,399,0,717,OnePlus,8.75,554,5/11/2020,white,286083
Wireless Mobile Mouse 4000 (Yellow),Mice,29.99,416,24,Microsoft,,18,2/17/2022,yellow,719.76
"XPS 13 (9360) (1TB, Purple)",Laptops,1200,290,895,Dell,8.7,694,9/4/2024,purple,1074000
"Powerbeats Pro (Wireless, Purple)",Headphones,199.95,174,456,Apple,9.2,364,11/23/2023,purple,91177.2
Foodi Smoothie Bowl Maker (Yellow),Kitchen,129.99,234,89,Ninja,8.65,68,12/8/2022,yellow,11569.11
"Stan Smith (Red, EU 46)",Shoes,100,331,785,Adidas,8.75,616,8/8/2024,red,78500
"HD 800S (Wireless, Green)",Headphones,1699,0,291,Sennheiser,9.45,239,11/4/2021,green,494409
"Curry Basketball Jersey (Black, M)",Clothing,80,191,895,Under Armour,8.75,686,12/31/2023,black,71600
13-Cup Food Processor KFP1333 (Green),Kitchen,199.99,0,898,KitchenAid,8.75,728,10/7/2024,green,179591.02
"Pleated Skirt (Yellow, XXL)",Clothing,29.99,0,73,H&M,8.4,57,9/23/2020,yellow,2189.27
"ThinkBook 15 (128GB, White)",Laptops,649,0,881,Lenovo,7.8,700,8/8/2021,white,571769
Creator Expert Taj Mahal (10256) (Orange),Toys,369.99,440,463,LEGO,9.2,366,12/8/2023,orange,171305.37
Switch Lite (Yellow),Gaming Consoles,199.99,489,816,Nintendo,8.75,672,1/20/2024,yellow,163191.84
Ebern Designs Convertible Sofa (Red),Furniture,399.99,0,732,Wayfair,7.85,577,10/31/2025,red,292792.68
All-in-One Media Keyboard (Orange),Keyboards,39.99,0,410,Microsoft,8.75,322,3/6/2023,orange,16395.9
"Yoga 9i (512GB, White)",Laptops,1400,480,259,Lenovo,8.75,206,11/13/2022,white,362600
Dreamcast (Black),Gaming Consoles,150,181,701,Sega,8.5,583,2/22/2020,black,105150
ST (Gray),Gaming Consoles,60,0,202,Atari,7.5,165,12/16/2021,gray,12120
Poäng Armchair (Purple),Furniture,79,313,241,IKEA,8.75,187,4/8/2025,purple,19039
"Air Max 90 (Red, EU 39)",Shoes,130,381,611,Nike,8.7,488,12/27/2024,red,79430
"iPad (2017) (256GB, Orange)",Tablets,649,490,202,Apple,8.5,160,9/22/2021,orange,131098
13-Cup Food Processor KFP1333 (Gray),Kitchen,199.99,282,40,KitchenAid,8.75,36,6/8/2025,gray,7999.6
"65OLED936 (43"", Yellow frame)",TVs,1200,405,269,Philips,8.75,203,5/21/2021,yellow,322800
"55OLED806 (65"", Brown frame)",TVs,1800,,4,Philips,8.75,3,8/14/2020,brown,7200
"XPS 17 (9700) (256GB, Red)",Laptops,1800,451,57,Dell,8.5,41,6/7/2025,red,102600
Watch Series 4 (Brown),Watches,299,379,365,Apple,8.75,293,9/22/2020,brown,109135
"ThinkPad X1 Carbon (7th Gen) (64GB, Black)",Laptops,2000,0,269,Lenovo,8.5,208,11/7/2025,black,538000
"Mate 40 (64GB, Brown)",Smartphones,499,0,411,Huawei,8.2,338,5/25/2022,brown,205089
"501 Original Jeans (White, S)",Clothing,69.99,0,582,Levi's,8.25,459,12/25/2021,white,40734.18
"P30 (1TB, Green)",Smartphones,699,183,422,Huawei,8.5,367,2/22/2025,green,294978
Artisan Stand Mixer (Green),Kitchen,399.99,0,754,KitchenAid,9.5,606,11/18/2025,green,301592.46
Magic Trackpad 2 (Green),Mice,129,343,270,Apple,9,213,8/11/2020,green,34830
Galaxy Watch 3 (Red),Watches,250,101,710,Samsung,8.5,566,4/21/2024,red,177500
"Bravia X90J (43"", Purple frame)",TVs,899,121,29,Sony,8.75,24,9/2/2020,purple,26071
Pax Wardrobe (Purple),Furniture,300,0,331,IKEA,8.5,263,10/18/2021,purple,99300
"QLED Q70A (43"", Orange frame)",TVs,699,0,313,Samsung,8.5,238,1/2/2022,orange,218787
The Grind Control (Brown),Kitchen,299.95,0,554,Breville,8.75,449,11/6/2023,brown,166172.3
"Redmi Note 11 (1TB, Brown)",Smartphones,350,88,277,Xiaomi,8.5,220,1/25/2020,red,96950
Galaxy Watch (Green),Watches,249.99,230,664,Samsung,8.7,532,8/30/2024,green,165993.36
"574 (Blue, EU 38)",Shoes,85,251,653,New Balance,8.5,519,5/1/2020,blue,55505
"iPhone XR (128GB, Brown)",Smartphones,499,332,139,Apple,8.5,113,9/26/2024,brown,69361
"Bravia A90J (43"", Red frame)",TVs,1299,431,252,Sony,8.75,198,9/23/2022,red,327348
Mega Drive Mini (Orange),Gaming Consoles,79.99,44,343,Sega,8.75,270,7/7/2020,orange,27436.57
Foodi Grill (Black),Kitchen,229.99,174,177,Ninja,9.2,145,5/23/2024,black,40708.23
Mamba Elite (Green),Mice,89.99,0,801,Razer,,655,1/8/2022,green,72081.99
"Redmi Note 10 (64GB, Yellow)",Smartphones,180,0,94,Xiaomi,8.6,75,4/12/2022,red,16920
"Galaxy Tab S7 (128GB, Yellow)",Tablets,499,,,Samsung,8.75,,10/12/2020,yellow,
"Bravia X90J (65"", Orange frame)",TVs,1499,448,592,Sony,,473,1/16/2022,orange,887408
Monster Jam RC (Blue),Toys,39.99,488,76,Spin Master,8.5,56,12/6/2020,blue,3039.24
Bluetooth Mouse (Green),Mice,29.99,453,889,Microsoft,8.5,710,4/9/2020,blue,26661.11
Beginnings TV Stand (White),Furniture,150,229,188,Sauder,8.25,146,4/24/2023,white,28200
Aerox 3 Wireless (Black),Mice,99.99,0,40,SteelSeries,8.75,37,12/4/2022,black,3999.6
Daily Collection Kettle (Purple),Kitchen,30,0,593,Philips,8.5,463,12/21/2025,purple,17790
"Armour Fleece Pants (Orange, M)",Clothing,45,148,629,Under Armour,8.65,479,1/8/2020,orange,28305
PlayStation 5 (Black),Gaming Consoles,499.99,417,617,Sony,9.3,487,4/26/2020,black,308493.83
Wii (Orange),Gaming Consoles,150,0,216,Nintendo,8.75,184,2/21/2022,orange,32400
"Windrunner Jacket (Green, L)",Clothing,120,0,820,Nike,8.75,666,12/12/2021,green,98400
"ROG Zephyrus G14 (64GB, Orange)",Laptops,2499,,857,Asus,8.75,668,7/17/2025,orange,2141643
Billy Bookcase (Purple),Furniture,89,0,982,IKEA,8.45,778,11/27/2021,purple,87398
"Vanish Woven Pants (Red, XS)",Clothing,60,314,714,Under Armour,8.35,564,1/24/2022,red,42840
"Legion 5 (128GB, White)",Laptops,950,345,620,Lenovo,8.75,508,1/15/2024,white,589000
Instinct (Gray),Watches,299,0,846,Garmin,8.75,679,5/11/2024,gray,252954
"Galaxy Note20 (512GB, Yellow)",Smartphones,999,38,117,Samsung,8.75,91,12/18/2024,yellow,116883
"CrossFit Nano 9 (Brown, EU 39)",Shoes,130,0,662,Reebok,,553,5/19/2023,brown,86060
"7 Pro (256GB, Purple)",Smartphones,599,390,294,OnePlus,8.5,231,11/20/2022,purple,176106
"Redmi Note 11 (1TB, Gray)",Smartphones,400,54,394,Xiaomi,8.25,332,10/21/2021,red,157600
Creator Expert Taj Mahal (10256) (White),Toys,369.99,0,796,LEGO,9.25,651,11/2/2021,white,294512.04
Rival 3 (Yellow),Mice,29.99,0,47,SteelSeries,8.75,42,12/16/2024,yellow,1409.53
Naga Trinity (Brown),Mice,99.99,205,534,Razer,8.75,433,9/21/2025,brown,53394.66
Magic Mouse (Blue),Mice,79,0,212,Apple,8.5,171,9/9/2024,blue,16748
"Rival Fleece Hoodie (Gray, M)",Clothing,55,153,581,Under Armour,8.75,455,1/16/2024,gray,31955
Forerunner 945 (Orange),Watches,599.99,0,439,Garmin,8.75,325,9/8/2023,orange,263395.61
Viva Collection Juicer (Orange),Kitchen,99.99,390,903,Philips,8.45,716,8/25/2024,orange,90290.97
"MatePad 11 (128GB, Green)",Tablets,450,498,332,Huawei,8.5,258,7/12/2023,green,149400
"Galaxy Tab S5e (128GB, Black)",Tablets,450,0,516,Samsung,8.5,405,9/18/2021,black,232200
G-Shock Mudmaster (Brown),Watches,350,0,16,Casio,8.75,11,2/23/2021,brown,5600
Magic Trackpad (Late 2022) (Blue),Mice,149,0,480,Apple,8.75,390,11/25/2023,blue,71520
BlackWidow Lite (Purple),Keyboards,89.99,196,591,Razer,8.5,471,10/9/2025,black,53184.09
Magic Trackpad 2 (Brown),Mice,129,452,385,Apple,8.75,314,9/17/2025,brown,49665
"IdeaPad Flex 5 (128GB, Orange)",Laptops,499,223,197,Lenovo,8.2,154,11/9/2021,orange,98303
Magic Trackpad 2 (Yellow),Mice,129,0,495,Apple,8.5,383,4/15/2023,yellow,63855
"MatePad T10 (512GB, Purple)",Tablets,250,244,557,Huawei,7.8,444,5/31/2025,purple,139250
Versa 3 (Orange),Watches,199.95,435,430,Fitbit,8.4,323,9/2/2025,orange,85978.5
"HD 450BT (Wired, Gray)",Headphones,100,156,423,Sennheiser,8.75,344,2/8/2023,red,42300
Hatchimals CollEGGtibles (Gray),Toys,9.99,465,556,Spin Master,8.5,438,5/27/2024,gray,5554.44
Foodi Multi-Cooker (Green),Kitchen,199.99,392,681,Ninja,8.75,537,11/10/2025,green,136193.19
G-Shock Rangeman (Red),Watches,300,90,177,Casio,8.75,138,12/22/2023,red,53100
"SB Icon Hoodie (Black, M)",Clothing,60,0,76,Nike,8.75,62,5/8/2024,black,4560
Pathfinder PAG240 (Orange),Watches,300,360,443,Casio,8.75,352,11/20/2024,orange,132900
"4-Series 55S435 (55"", Black frame)",TVs,350,0,123,TCL,8.5,109,10/3/2022,black,43050
N64 (Brown),Gaming Consoles,130,307,199,Nintendo,8.25,163,12/30/2023,brown,25870
5200 (Brown),Gaming Consoles,49.99,302,797,Atari,7.5,632,12/31/2023,brown,39842.03
K70 RGB MK.2 (Green),Keyboards,160,474,449,Corsair,8.75,349,10/27/2022,green,71840
Star Wars Millennium Falcon (75192) (Gray),Toys,849.99,0,842,LEGO,9.5,681,9/12/2025,gray,715691.58
"QLED Q60T (50"", Blue frame)",TVs,599,491,949,Samsung,,758,2/26/2021,blue,568451
"Mi 9 (128GB, Red)",Smartphones,300,0,601,Xiaomi,8.5,481,11/7/2021,red,180300
"Beats Flex (Wireless, Red)",Headphones,69.99,320,544,Apple,8.3,422,4/22/2021,red,38074.56
"SoundSport Wireless (Wireless, Orange)",Headphones,129,205,642,Bose,8.75,510,1/15/2020,orange,82818
"Yeezy Boost 350 V2 (Blue, EU 46)",Shoes,240,0,479,Adidas,8.75,386,3/26/2023,blue,114960
"505 Regular Jeans (Yellow, M)",Clothing,59.99,282,402,Levi's,8.75,308,1/24/2020,yellow,24115.98
"Galaxy S10 (256GB, Black)",Smartphones,299.99,495,169,Samsung,,125,4/12/2023,black,50698.31
Baby Learning Table (Yellow),Toys,39.99,206,684,Fisher-Price,8.75,550,8/7/2021,yellow,27353.16
MX Master 3 (White),Mice,99.99,427,919,Logitech,9.25,731,3/14/2020,white,91890.81
Xbox One X (Red),Gaming Consoles,399.99,0,546,Microsoft,8.5,435,6/4/2023,red,218394.54
"5 (256GB, Brown)",Smartphones,499,3,179,OnePlus,8.75,137,8/10/2020,brown,89321
Baby-G BA110 (Red),Watches,120,319,739,Casio,8.5,588,5/18/2024,red,88680
2-Slice Toaster (Yellow),Kitchen,49.99,157,947,KitchenAid,,749,6/30/2023,yellow,47340.53
Foodi Smoothie Bowl Maker (Orange),Kitchen,99.99,68,129,Ninja,8.5,105,1/2/2021,orange,12898.71
"Condivo 20 Training Top (Blue, XXL)",Clothing,50,54,593,Adidas,8.5,482,4/1/2022,blue,29650
Greyleigh Coffee Table (Gray),Furniture,320,0,508,Wayfair,8.5,407,1/8/2021,gray,162560
"Linen Blend Shirt (Red, L)",Clothing,35,0,20,H&M,8.25,17,5/2/2025,red,700
Jenga (Black),Toys,19.99,239,600,Hasbro,8.75,488,7/27/2025,black,11994
"Armour Fleece Pants (Black, XS)",Clothing,40,0,491,Under Armour,8.7,389,12/29/2023,black,19640
Apex M800 (Green),Keyboards,150,269,668,SteelSeries,9.25,530,11/18/2023,green,100200
Digital Media Keyboard 3000 (Gray),Keyboards,30,220,516,Microsoft,8.5,416,5/4/2022,gray,15480
"Surface Go 3 (64GB, White)",Tablets,399,0,392,Microsoft,7.8,310,1/1/2024,white,156408
"Mi 11 (64GB, Orange)",Smartphones,399,273,879,Xiaomi,8.6,694,2/26/2023,orange,350721
Mighty Mouse (Green),Mice,69,344,15,Apple,8.5,11,12/25/2020,green,1035
"Surface Pro 7 (64GB, White)",Tablets,749,0,723,Microsoft,8.5,598,5/21/2024,white,541527
The Grind Control (Blue),Kitchen,329.95,63,533,Breville,8.75,419,4/16/2025,blue,175863.35
"MacBook Pro 16 (2021) (1TB, Orange)",Laptops,2499,0,56,Apple,9.25,47,7/6/2022,orange,139944
The Bambino Plus (Green),Kitchen,499.95,0,744,Breville,9.2,604,2/22/2025,green,371962.8
"Galaxy Tab Active3 (256GB, White)",Tablets,539.99,21,692,Samsung,8.5,553,9/28/2025,white,373673.08
"8-Series Q825 (75"", Purple frame)",TVs,1800,0,23,TCL,8.7,20,9/18/2022,purple,41400
"IE 80 S (Wired, Yellow)",Headphones,199.95,0,522,Sennheiser,8.75,396,9/17/2021,red,104373.9
"iPad mini (2021) (256GB, Orange)",Tablets,649,0,118,Apple,8.75,100,4/18/2022,orange,76582
PSX (Yellow),Gaming Consoles,150,159,221,Sony,8.75,171,5/7/2024,yellow,33150
"50PUS7506 (55"", Orange frame)",TVs,550,174,705,Philips,,557,8/5/2022,orange,387750
Viper Ultimate (Purple),Mice,149.99,0,385,Razer,8.75,301,8/28/2023,purple,57746.15
The Grind Control (Gray),Kitchen,329.95,313,692,Breville,8.75,567,12/8/2020,gray,228325.4
Pictionary (Red),Toys,20,0,177,Mattel,8.75,150,1/24/2025,red,3540
"HD 599 (Wireless, Yellow)",Headphones,199,436,516,Sennheiser,8.75,416,2/13/2022,yellow,102684
"530 (Gray, EU 46)",Shoes,120,0,737,New Balance,8.5,599,5/14/2025,gray,88440
"55S535 (43"", Brown frame)",TVs,300,0,599,TCL,8.75,481,11/14/2024,brown,179700
"Crewneck Sweatshirt (Brown, S)",Clothing,24.99,343,603,H&M,7.8,459,10/30/2023,brown,15068.97
"Real Madrid Home Jersey (Red, XXL)",Clothing,100,408,125,Adidas,8.75,94,3/8/2024,red,12500
"AirPods (3rd generation) (Wireless, Red)",Headphones,179,0,651,Apple,8.75,524,12/15/2023,red,116529
"Puffer Jacket (Black, XS)",Clothing,59.99,2,435,H&M,8.2,354,12/7/2023,black,26095.65
"Pro HyperWarm Top (Black, XL)",Clothing,70,0,829,Nike,8.5,667,5/17/2021,black,58030
"Surface Pro 7+ (256GB, Red)",Tablets,1099,95,417,Microsoft,,335,11/16/2022,red,458283
"MatePad Paper (512GB, Brown)",Tablets,699,0,322,Huawei,7.8,259,6/22/2022,brown,225078
"Mi 8 (256GB, Blue)",Smartphones,299,217,291,Xiaomi,8.3,239,12/16/2024,blue,87009
Watch SE (Gray),Watches,279,0,986,Apple,8.5,777,6/9/2021,gray,275094
"MatePad 11 (64GB, Brown)",Tablets,400,0,572,Huawei,8.2,447,12/25/2022,brown,228800
"Basic Hoodie (Blue, S)",Clothing,25,0,302,H&M,8.5,243,1/2/2020,blue,7550
Versa (Brown),Watches,229.95,112,795,Fitbit,8.5,639,5/7/2022,brown,182810.25
"P40 (256GB, Green)",Smartphones,699,446,911,Huawei,8.5,715,7/21/2020,green,636789
"XPS 13 (9360) (64GB, Black)",Laptops,1500,405,916,Dell,8.7,738,6/18/2021,black,1374000
"P40 (256GB, Purple)",Smartphones,499,0,940,Huawei,8.2,740,2/1/2022,purple,469060
"Rival Fleece Hoodie (Brown, XL)",Clothing,55,349,514,Under Armour,8.75,405,7/15/2023,brown,28270
Xbox Series X (Purple),Gaming Consoles,499.99,285,362,Microsoft,9.5,274,6/30/2024,purple,180996.38
Precision Mouse (Yellow),Mice,49.99,292,706,Microsoft,8.75,567,4/1/2024,yellow,35292.94
"AU8000 (75"", Gray frame)",TVs,1199.99,360,562,Samsung,8.25,446,1/1/2023,gray,674394.38
Rival 710 (Gray),Mice,99.99,442,139,SteelSeries,8.75,106,10/26/2022,gray,13898.61
Eames Lounge Chair (Orange),Furniture,8195,192,885,Herman Miller,9.75,696,6/5/2021,orange,7252575
"Zig Kinetica (Yellow, EU 40)",Shoes,120,0,256,Reebok,8.5,208,4/23/2022,yellow,30720
"OLED C1 (75"", Black frame)",TVs,2299.99,471,224,LG,9.3,189,11/11/2021,black,515197.76
Zipcode Design Desk (Purple),Furniture,150,346,654,Wayfair,8.25,521,11/19/2022,purple,98100
"ProBook 450 G7 (1TB, Brown)",Laptops,850,119,467,HP,8.5,392,5/15/2020,brown,396950
"Samba (Purple, EU 46)",Shoes,90,80,507,Adidas,8.5,401,10/31/2020,purple,45630
"Galaxy Tab S8 (1TB, Blue)",Tablets,1199.99,298,357,Samsung,8.7,281,5/21/2020,blue,428396.43
"Pleated Skirt (Brown, XS)",Clothing,29.99,119,595,H&M,8.25,468,4/19/2024,brown,17844.05
"MacBook Pro 13 (2022) (256GB, Brown)",Laptops,1199,162,198,Apple,8.9,172,2/18/2022,brown,237402
Pasta Maker (Green),Kitchen,199.99,0,352,Philips,8.75,279,2/17/2020,green,70396.48
"NMD R1 (Brown, EU 40)",Shoes,140,0,263,Adidas,8.5,197,10/7/2020,brown,36820
Foodi Digital Air Fry Oven (Red),Kitchen,299.99,89,660,Ninja,9,527,7/25/2021,red,197993.4
"Surface Pro 6 (128GB, Red)",Tablets,799,417,742,Microsoft,8.5,581,5/22/2023,red,592858
Craft (Black),Keyboards,39.99,0,161,Logitech,,126,5/17/2021,black,6438.39
"PXC 550 (Wireless, Red)",Headphones,299.95,0,303,Sennheiser,8.75,244,4/5/2023,red,90884.85
"QNED MiniLED 90 (43"", Green frame)",TVs,699.99,308,972,LG,8.45,790,5/3/2020,green,680390.28
"VivoBook S15 (512GB, Brown)",Laptops,749,0,273,Asus,8.3,225,1/27/2022,brown,204477
"ExpertBook B9 (64GB, Green)",Laptops,2500,0,410,Asus,8.75,346,9/19/2023,green,1025000
"iPad (2020) (512GB, Brown)",Tablets,849,239,284,Apple,8.5,242,11/23/2021,brown,241116
"SoundSport Wireless (Wired, Purple)",Headphones,99,43,918,Bose,8.5,744,6/2/2023,red,90882
G915 Lightspeed (Red),Keyboards,229.99,273,593,Logitech,9.2,473,11/23/2022,red,136384.07
"ZBook Firefly 14 (512GB, Yellow)",Laptops,1500,123,189,HP,8.6,152,1/23/2022,yellow,283500
Apex M800 (Brown),Keyboards,199.99,47,553,SteelSeries,8.75,442,6/4/2023,brown,110594.47
"55PUS8804 (55"", Red frame)",TVs,899,170,645,Philips,8.5,523,6/23/2025,red,579855
Magic Trackpad (2021) (Red),Mice,129,211,736,Apple,8.75,583,12/15/2022,red,94944
"Rox Wireless (Wired, Purple)",Headphones,89.99,0,142,Jabra,8.5,105,5/26/2023,red,12778.58
Magic Trackpad (Brown),Mice,129,0,225,Apple,8.75,183,11/25/2025,brown,29025
"Chromebook Flip C434 (128GB, Red)",Laptops,500,11,323,Asus,8,256,8/28/2020,red,161500
"Zoom Freak 3 (Green, EU 38)",Shoes,120,301,453,Nike,8.75,365,9/4/2021,green,54360
Kallax Shelving Unit (Orange),Furniture,89.99,15,321,IKEA,8.4,257,6/25/2023,orange,28886.79
MX Master 2S (Green),Mice,79.99,274,784,Logitech,9.3,632,11/19/2022,green,62712.16
Saturn (White),Gaming Consoles,250,0,480,Sega,8.75,383,10/23/2021,white,120000
"PXC 550 (Wired, Orange)",Headphones,329.95,76,942,Sennheiser,8.75,769,4/9/2025,red,310812.9
Daily Collection Kettle (Brown),Kitchen,25,349,929,Philips,8.5,744,11/22/2023,brown,23225
"9 (64GB, Yellow)",Smartphones,299,65,24,OnePlus,8.2,21,10/5/2024,yellow,7176
Sensei Ten (Purple),Mice,69.99,0,810,SteelSeries,8.75,658,2/4/2022,purple,56691.9
Sensei Ten (Red),Mice,69.99,480,715,SteelSeries,9.25,567,12/16/2022,red,50042.85
Mercury Row Merwin TV Stand (Green),Furniture,300,0,148,Wayfair,8.25,114,7/16/2024,green,44400
"WH-1000XM3 (Wired, Green)",Headphones,250,0,78,Sony,8.75,64,1/20/2023,red,19500
Hot and Cold Brewed System (Red),Kitchen,149.99,156,841,Ninja,8.75,674,8/20/2024,red,126141.59
"Inspiron 15 3000 (512GB, Black)",Laptops,550,0,793,Dell,7.8,652,4/13/2022,black,436150
"Surface Pro 9 (256GB, Red)",Tablets,1099,387,542,Microsoft,8.5,453,2/22/2024,red,595658
Viva Collection Juicer (White),Kitchen,120,0,865,Philips,8.75,706,11/15/2021,white,103800
Rainforest Jumperoo (Blue),Toys,129.99,437,523,Fisher-Price,9.2,422,8/22/2020,blue,67984.77
Enchantimals Doll (Red),Toys,12.99,252,463,Mattel,8.25,366,5/23/2023,red,6014.37
Pictionary (Blue),Toys,19.99,0,946,Mattel,8.5,747,2/10/2023,blue,18910.54
"Yoga Slim 7 (1TB, Red)",Laptops,1200,0,93,Lenovo,8.5,73,6/10/2022,red,111600
Orochi V2 (White),Mice,69.99,0,861,Razer,8.6,713,9/26/2025,white,60261.39
"Galaxy Tab Active3 (256GB, Green)",Tablets,650,148,211,Samsung,8.1,169,6/22/2024,green,137150
"Surface Go 3 (256GB, Green)",Tablets,590,299,827,Microsoft,7.8,667,4/15/2023,green,487930
Laugh & Learn Smart Stages Chair (Red),Toys,34.99,360,779,Fisher-Price,9.25,628,4/4/2024,red,27257.21
Luxe (Yellow),Watches,129.95,0,533,Fitbit,8.7,444,4/9/2025,yellow,69263.35
Fenix 7 (White),Watches,699.99,75,951,Garmin,9.2,744,4/16/2022,white,665690.49
"QuietComfort 35 II (Wireless, Brown)",Headphones,299,0,458,Bose,9.2,362,2/21/2020,brown,136942
Mercury Row Merwin TV Stand (White),Furniture,250,315,623,Wayfair,8.2,505,3/20/2022,white,155750
"Elite 85t (Wireless, Purple)",Headphones,229.99,486,16,Jabra,,13,11/12/2022,purple,3679.84
"MacBook Air (2019) (128GB, Orange)",Laptops,999,429,724,Apple,8.5,591,5/1/2022,orange,723276
Smart Screen Blender (Brown),Kitchen,180,,887,Ninja,8.75,714,7/24/2023,brown,159660
Bolanburg Dining Table (Gray),Furniture,600,491,391,Ashley Furniture,8.5,288,10/22/2022,gray,234600
Computer Desk (Gray),Furniture,150,234,242,Sauder,8.25,186,3/25/2022,gray,36300
Shoal Creek Dresser (Gray),Furniture,220,389,884,Sauder,8.5,712,7/23/2025,gray,194480
Venu 2 (Brown),Watches,399.99,0,78,Garmin,8.75,53,9/19/2023,brown,31199.22
"Elite Active 75t (Wired, White)",Headphones,179.99,0,454,Jabra,8.4,369,4/27/2020,red,81715.46
Masters of the Universe He-Man (Black),Toys,25.99,0,17,Mattel,8.75,13,7/28/2023,black,441.83
Wii U (Black),Gaming Consoles,150,0,767,Nintendo,8.5,599,5/28/2021,black,115050
"Galaxy Tab A8 (128GB, Yellow)",Tablets,280,140,828,Samsung,8.65,672,6/15/2025,yellow,231840
Ionic (Green),Watches,199.95,0,312,Fitbit,7.8,249,4/3/2020,green,62384.4
"WH-1000XM4 (Wireless, White)",Headphones,349.99,331,740,Sony,9.25,590,10/11/2021,white,258992.6
"Sportswear Tech Fleece Pants (Gray, L)",Clothing,110,0,364,Nike,,287,9/16/2025,gray,40040
Apex Pro Mini (Red),Keyboards,179.99,0,363,SteelSeries,9.2,277,12/12/2025,red,65336.37
HD9650/99 Premium Airfryer (Orange),Kitchen,349.99,0,973,Philips,8.75,767,3/11/2021,orange,340540.27
Inspire 2 (Yellow),Watches,299,182,332,Fitbit,8.5,258,5/5/2025,yellow,99268
Brilliant Basics Corn Popper (Gray),Toys,12.99,91,844,Fisher-Price,8.75,664,4/11/2021,gray,10963.56
"Momentum 2.0 (Wired, Orange)",Headphones,199,0,118,Sennheiser,8.75,100,12/7/2022,red,23482
Soup Maker (Orange),Kitchen,120,0,169,Philips,,130,10/12/2025,orange,20280
"Omen 15 (1TB, Green)",Laptops,1350,0,347,HP,8.6,279,11/4/2021,green,468450
"Redmi Note 9 (256GB, Purple)",Smartphones,250,240,900,Xiaomi,8.5,730,11/11/2025,red,225000
"Inspiron 15 3000 (256GB, Black)",Laptops,469,0,906,Dell,7.8,714,2/9/2023,black,424914
"AU8000 (50"", White frame)",TVs,500,455,95,Samsung,8.5,75,9/26/2025,white,47500
MARQ Athlete (White),Watches,1500,63,242,Garmin,8.75,193,9/22/2025,white,363000
Lynx (Blue),Gaming Consoles,200,0,183,Atari,7.5,144,7/13/2020,blue,36600
Pro 10-in-1 (Blue),Kitchen,129.99,120,53,Instant Pot,9.25,38,8/23/2020,blue,6889.47
"ZenBook Pro Duo 15 (64GB, White)",Laptops,3499,446,502,Asus,8.75,417,2/26/2023,white,1756498
"Nano X (White, EU 39)",Shoes,120,227,73,Reebok,8.5,63,2/24/2020,white,8760
"MatePad Paper (64GB, Orange)",Tablets,499,175,385,Huawei,8.2,317,10/22/2023,orange,192115
Architecture Statue of Liberty (21042) (Orange),Toys,49.99,0,462,LEGO,8.5,380,8/12/2024,orange,23095.38
Trinell TV Stand (Gray),Furniture,270,38,776,Ashley Furniture,8.5,601,12/31/2024,gray,209520
Bakugan Battle Arena (Gray),Toys,29.99,15,459,Spin Master,8.5,369,5/22/2024,gray,13765.41
Xbox 360 Arcade (Black),Gaming Consoles,100,0,892,Microsoft,7.85,716,9/1/2024,black,89200
"Cotton Chino Pants (Purple, M)",Clothing,29.99,0,556,H&M,7.5,456,9/3/2020,purple,16674.44
Apex M800 (Gray),Keyboards,180,232,824,SteelSeries,8.75,635,2/11/2020,gray,148320
"OLED G1 (50"", Purple frame)",TVs,1299,0,287,LG,9.2,234,11/15/2021,purple,372813
Clue (Brown),Toys,19.99,118,673,Hasbro,8.7,534,9/18/2024,brown,13453.27
"MatePad 11 (512GB, Yellow)",Tablets,499.99,66,76,Huawei,8.5,65,9/12/2023,yellow,37999.24
Technic Bugatti Chiron (42083) (Red),Toys,350,422,582,LEGO,9.45,467,1/31/2023,red,203700
"Cotton Chino Pants (Gray, L)",Clothing,29.99,444,710,H&M,8.5,548,6/18/2025,gray,21292.9
"Surface Pro 8 (128GB, Green)",Tablets,799,0,995,Microsoft,8.5,789,9/26/2025,green,795005
Charge 5 (White),Watches,129.95,418,749,Fitbit,8.75,598,5/13/2020,white,97332.55
Pasta Maker (White),Kitchen,149.99,90,432,Philips,8.75,322,12/5/2021,white,64795.68
Surface Keyboard (White),Keyboards,89.99,210,546,Microsoft,8.75,420,5/25/2021,white,49134.54
Pro IntelliMouse (Black),Mice,59.99,0,658,Microsoft,8.75,514,2/9/2023,black,39473.42
"Mate 30 (128GB, Brown)",Smartphones,400,127,207,Huawei,7.8,175,10/28/2024,brown,82800
Monopoly Board Game (Green),Toys,19.99,402,855,Hasbro,8.9,688,11/25/2024,green,17091.45
"Denim Jacket (Red, M)",Clothing,49.99,0,878,H&M,7.85,711,12/23/2022,red,43891.22
"1080v11 (Brown, EU 40)",Shoes,160,414,555,New Balance,8.75,430,1/5/2025,brown,88800
"TUF Gaming A15 (1TB, Orange)",Laptops,1200,160,939,Asus,8.5,766,12/18/2020,orange,1126800
"ROG Strix Scar 15 (256GB, Red)",Laptops,1800,386,520,Asus,8.6,415,1/5/2020,red,936000
"Originals Trefoil Hoodie (Gray, XXL)",Clothing,70,457,89,Adidas,8.4,74,11/26/2020,gray,6230
"Surface Pro 9 (64GB, Yellow)",Tablets,1299,32,82,Microsoft,8.5,70,6/24/2025,yellow,106518
"Sleepbuds II (Wired, Purple)",Headphones,199,0,902,Bose,8.2,749,4/13/2023,red,179498
"990v5 (Orange, EU 38)",Shoes,185,30,785,New Balance,8.75,629,6/30/2024,orange,145225
"55PUS7334 (43"", Gray frame)",TVs,400,0,453,Philips,8.5,350,5/3/2022,gray,181200
"Redmi Note 10 (64GB, Brown)",Smartphones,180,41,415,Xiaomi,8.5,339,9/2/2025,red,74700
Nerf Elite 2.0 (Orange),Toys,29.99,238,3,Hasbro,8.25,3,2/14/2023,orange,89.97
Ionic (Gray),Watches,200,1,556,Fitbit,8.5,460,12/14/2025,gray,111200
"Classic Leather (Purple, EU 46)",Shoes,85,342,323,Reebok,8.5,249,10/12/2023,purple,27455
"Smash (Green, EU 46)",Shoes,60,331,182,Puma,8.5,141,5/16/2022,green,10920
"Pavilion 15 (64GB, Orange)",Laptops,750,351,344,HP,8.2,281,12/27/2021,orange,258000
"75PML9506 (65"", Blue frame)",TVs,1999.99,46,338,Philips,8.5,271,9/29/2023,blue,675996.62
HD2137 Pressure Cooker (Brown),Kitchen,130,0,869,Philips,8.45,693,6/6/2025,brown,112970
"Mi 10 (1TB, Gray)",Smartphones,799,0,56,Xiaomi,8.5,45,2/1/2020,gray,44744
NES (Orange),Gaming Consoles,80,344,294,Nintendo,8.5,236,5/7/2025,orange,23520
"Momentum 2.0 (Wired, Brown)",Headphones,199,486,311,Sennheiser,8.75,256,8/18/2021,red,61889
"QNED MiniLED 90 (65"", Green frame)",TVs,1799,194,884,LG,,720,2/6/2023,green,1590316
Cosm Chair (White),Furniture,1495,0,302,Herman Miller,9.2,232,10/6/2023,white,451490
"Galaxy S8 (64GB, Blue)",Smartphones,150,15,195,Samsung,7.5,164,8/15/2024,blue,29250
Magic Mouse (Gray),Mice,99,0,814,Apple,8.6,654,6/8/2024,gray,80586
G-Shock Rangeman (Gray),Watches,300,182,212,Casio,8.75,178,10/20/2023,gray,63600
"iPad Pro 12.9 (2021) (1TB, Black)",Tablets,1499,347,50,Apple,,38,12/25/2024,black,74950
"NanoCell 80 (43"", Black frame)",TVs,400,0,551,LG,8.5,441,8/10/2021,black,220400
Rival 710 (Blue),Mice,99.99,0,415,SteelSeries,8.5,321,11/20/2021,blue,41495.85
G-Shock DW5600 (White),Watches,100,0,28,Casio,8.5,18,4/10/2024,white,2800
"QLED Q60T (75"", Gray frame)",TVs,1199,71,407,Samsung,8.75,330,11/1/2022,gray,487993
Versa (White),Watches,129.95,0,656,Fitbit,8.75,514,10/22/2021,white,85247.2
"55PUS7334 (43"", Green frame)",TVs,450,0,751,Philips,7.85,616,3/28/2021,green,337950
PSP (Blue),Gaming Consoles,129.99,403,40,Sony,8.5,35,1/10/2025,blue,5199.6
"Galaxy Tab S7 FE (1TB, White)",Tablets,649.99,125,925,Samsung,8.3,731,5/24/2023,white,601240.75
Craft (Blue),Keyboards,59.99,0,271,Logitech,8.75,216,9/30/2020,blue,16257.29
N64 (Gray),Gaming Consoles,120,217,513,Nintendo,8.5,409,8/9/2021,gray,61560
Xbox (Green),Gaming Consoles,299,0,791,Microsoft,,635,4/11/2021,green,236509
"Surface Pro X (64GB, Gray)",Tablets,899.99,0,674,Microsoft,8.25,557,4/26/2023,gray,606593.26
"NanoCell 80 (50"", Yellow frame)",TVs,550,0,716,LG,8.5,574,6/8/2021,yellow,393800
"AirPods (3rd generation) (Wired, Green)",Headphones,169,497,650,Apple,8.9,518,12/20/2021,red,109850
"P40 Pro (128GB, Black)",Smartphones,699,73,52,Huawei,8.2,43,12/1/2025,black,36348
"iPhone 11 (64GB, Gray)",Smartphones,399,0,865,Apple,8.75,691,6/20/2023,gray,345135
WWE Action Figure (Blue),Toys,19.99,479,776,Mattel,8.5,630,4/10/2022,blue,15512.24
Xbox One S (Green),Gaming Consoles,299,316,793,Microsoft,,634,10/25/2021,green,237107
"574 (Blue, EU 40)",Shoes,90,22,235,New Balance,8.75,192,4/18/2021,blue,21150
"ZBook Firefly 14 (128GB, Blue)",Laptops,1200,368,993,HP,8.5,803,10/13/2021,blue,1191600
"Superstar (Yellow, EU 40)",Shoes,85,0,45,Adidas,8.75,40,4/21/2023,yellow,3825
DeathAdder Essential (Blue),Mice,29.99,0,680,Razer,8.5,545,5/4/2022,blue,20393.2
"Club C 85 (Blue, EU 42)",Shoes,75,251,540,Reebok,8.5,438,5/18/2024,blue,40500
G502 HERO (Orange),Mice,79.99,432,996,Logitech,,792,11/2/2022,orange,79670.04
"Legion 5 (512GB, Green)",Laptops,1150,0,332,Lenovo,8.75,273,4/22/2024,green,381800
"WF-1000XM3 (Wireless, Gray)",Headphones,178,62,916,Sony,8.75,726,1/29/2020,gray,163048
Pax Wardrobe (Gray),Furniture,299,138,482,IKEA,8.5,392,10/11/2021,gray,144118
"HeatGear Compression Shirt (Orange, M)",Clothing,30,0,84,Under Armour,9.2,59,5/20/2023,orange,2520
"Ignite Limitless (Green, EU 39)",Shoes,110,491,107,Puma,,83,1/29/2025,green,11770
"MacBook Pro 13 (2019) (256GB, Black)",Laptops,1299,53,331,Apple,8.7,266,5/10/2025,black,429969
"Mi 10 (64GB, Red)",Smartphones,300,248,857,Xiaomi,8.25,684,3/2/2020,red,257100
Apex Pro (Purple),Keyboards,199.99,392,240,SteelSeries,9.25,197,10/13/2024,purple,47997.6
"Q950TS 8K QLED (55"", Purple frame)",TVs,2999,351,755,Samsung,8.5,576,9/15/2023,purple,2264245
"Cortez (Gray, EU 44)",Shoes,90,315,537,Nike,8.75,437,6/6/2020,gray,48330
"ThinkPad T14 (256GB, White)",Laptops,1200,386,592,Lenovo,8.75,466,5/3/2021,white,710400
Poäng Armchair (Yellow),Furniture,79,84,219,IKEA,8.5,177,6/25/2024,yellow,17301
"6-Series R648 (8K) (75"", Brown frame)",TVs,2499,0,120,TCL,8.6,95,1/12/2024,brown,299880
"Air Max 90 (Black, EU 46)",Shoes,130,0,560,Nike,8.75,470,11/23/2024,black,72800
Apex 5 (Yellow),Keyboards,99.99,0,65,SteelSeries,,54,4/23/2022,yellow,6499.35
Galaxy Watch Active2 (Blue),Watches,250,225,875,Samsung,8.5,678,3/9/2025,blue,218750
"iPad Pro 12.9 (2021) (512GB, Black)",Tablets,1299,0,218,Apple,,176,6/20/2022,black,283182
"MediaPad M5 (256GB, Black)",Tablets,350,243,640,Huawei,8.2,512,10/13/2021,black,224000
Chaliene Sofa (Brown),Furniture,599,0,94,Ashley Furniture,8.25,80,5/20/2022,brown,56306
Xbox One S (Brown),Gaming Consoles,299,180,195,Microsoft,8.5,159,3/8/2021,brown,58305
Ultra 10-in-1 (Blue),Kitchen,129.99,253,770,Instant Pot,8.75,617,6/24/2022,blue,100092.3
MX Keys (Gray),Keyboards,119.99,419,372,Logitech,8.75,293,1/27/2021,gray,44636.28
"Beats Flex (Wired, Blue)",Headphones,69.99,279,611,Apple,8.2,496,3/8/2024,red,42763.89
"Surface Pro 7+ (64GB, Yellow)",Tablets,800,0,386,Microsoft,8.5,304,12/9/2023,yellow,308800
"iPad (2018) (256GB, Brown)",Tablets,449,0,880,Apple,8.5,692,10/13/2020,brown,395120
"Galaxy Tab A7 (1TB, Gray)",Tablets,280,166,385,Samsung,8.2,309,9/15/2022,gray,107800
"XPS 13 (9370) (64GB, Purple)",Laptops,1800,243,396,Dell,8.5,321,5/1/2022,purple,712800
"Court Victory Skirt (Red, M)",Clothing,55,0,720,Nike,8.75,572,2/9/2023,red,39600
"React Infinity Run (Brown, EU 38)",Shoes,160,182,144,Nike,8.75,109,11/11/2023,brown,23040
K55 RGB (Purple),Keyboards,59.99,237,886,Corsair,8.5,703,11/4/2024,purple,53151.14
HD9650/99 Premium Airfryer (Gray),Kitchen,329.99,490,334,Philips,8.75,257,2/4/2025,gray,110216.66
"AirPods (3rd generation) (Wireless, Blue)",Headphones,179,272,172,Apple,8.8,147,9/11/2020,blue,30788
"Galaxy Z Flip (256GB, Blue)",Smartphones,999.99,84,439,Samsung,8.5,354,1/17/2023,blue,438995.61
"MatePad Paper (256GB, Yellow)",Tablets,499,0,331,Huawei,7.8,257,3/23/2022,yellow,165169
Edge Water Computer Desk (Yellow),Furniture,150,322,359,Sauder,8,294,8/23/2021,yellow,53850
Barbie Doll (Brown),Toys,25.99,0,811,Mattel,,652,2/24/2024,brown,21077.89
"iPad Air (2020) (512GB, White)",Tablets,749,0,197,Apple,9.2,162,6/24/2022,white,147553
Noguchi Table (Gray),Furniture,2095,325,711,Herman Miller,9.5,575,8/30/2020,gray,1489545
Lack Coffee Table (Brown),Furniture,39.99,261,158,IKEA,8.25,127,3/19/2020,brown,6318.42
"FuelCell Rebel (Brown, EU 39)",Shoes,129.99,0,432,New Balance,8.45,366,5/2/2020,brown,56155.68
"Nova 9 (1TB, Yellow)",Smartphones,699,149,388,Huawei,8.25,309,5/10/2020,yellow,271212
"Latitude 7400 (128GB, Gray)",Laptops,850,254,122,Dell,8.75,96,12/24/2022,gray,103700
Magic Trackpad 2 (Red),Mice,129,157,933,Apple,8.75,742,7/24/2020,red,120357
Watch Ultra (Orange),Watches,799,32,382,Apple,,299,4/28/2025,orange,305218
"65OLED936 (65"", Orange frame)",TVs,2500,0,364,Philips,8,294,11/27/2022,orange,910000
Connect 4 (Orange),Toys,9.99,129,22,Hasbro,8.75,20,6/21/2025,orange,219.78
"ROG Strix Scar 15 (512GB, Green)",Laptops,1800,196,163,Asus,9.2,131,9/23/2023,green,293400
Andover Mills Bookcase (Brown),Furniture,120,362,308,Wayfair,8.4,248,10/15/2022,brown,36960
"Nova 9 (128GB, Blue)",Smartphones,400,67,347,Huawei,8.4,276,8/3/2021,blue,138800
"55S535 (65"", Red frame)",TVs,450,404,447,TCL,8.5,360,6/8/2022,red,201150
"Elite Active 65t (Wireless, Red)",Headphones,110,0,878,Jabra,8.5,720,11/27/2025,red,96580
Apex 5 (Black),Keyboards,99.99,342,916,SteelSeries,8.65,747,5/31/2020,black,91590.84
"55R635 (65"", Purple frame)",TVs,649.99,129,276,TCL,8.75,230,8/7/2025,purple,179397.24
"Evolve2 85 (Wired, Gray)",Headphones,249.99,124,722,Jabra,8.75,574,10/28/2023,red,180492.78
"Nova 9 (512GB, Purple)",Smartphones,599,373,623,Huawei,7.8,504,12/10/2022,purple,373177
Rival 5 (Orange),Mice,69.99,0,16,SteelSeries,9.25,10,1/12/2021,orange,1119.84
Precision Mouse (Purple),Mice,39.99,398,842,Microsoft,8.75,682,4/30/2024,purple,33671.58
"Sherpa Trucker Jacket (Gray, S)",Clothing,98,226,963,Levi's,8.75,757,1/19/2021,gray,94374
Versa 2 (Purple),Watches,150,158,116,Fitbit,8.5,91,8/31/2024,purple,17400
"MacBook Air M1 (2020) (512GB, Orange)",Laptops,1199,430,919,Apple,9.2,740,4/2/2025,orange,1101881
"Mi 8 (256GB, Purple)",Smartphones,450,0,314,Xiaomi,8.5,254,9/5/2022,purple,141300
"MatePad T10s (256GB, Blue)",Tablets,200,0,29,Huawei,7.5,23,11/8/2022,blue,5800
"iPhone 8 (512GB, Yellow)",Smartphones,750,0,489,Apple,7.5,384,12/18/2024,yellow,366750
"SoundSport Wireless (Wireless, White)",Headphones,129,345,600,Bose,,476,9/18/2022,white,77400
"Mi 8 (1TB, Gray)",Smartphones,450,376,219,Xiaomi,8.5,173,8/4/2020,gray,98550
"Manchester United Home Jersey (Brown, M)",Clothing,90,0,944,Adidas,8.5,737,9/6/2021,brown,84960
"MacBook Air (2019) (128GB, Yellow)",Laptops,899,0,807,Apple,8.5,621,4/15/2021,yellow,725493
Inspire HR (Brown),Watches,69.95,0,563,Fitbit,8.3,444,8/14/2021,brown,39381.85
5200 (Black),Gaming Consoles,59.99,15,470,Atari,7.5,383,7/13/2023,black,28195.3
"MacBook Pro 13 (2019) (128GB, Yellow)",Laptops,1299,318,642,Apple,9.1,529,12/15/2020,yellow,833958
Bluetooth Keyboard (White),Keyboards,49.99,242,727,Microsoft,8.5,580,4/14/2020,blue,36342.73
"ENVY 15 (128GB, Black)",Laptops,950,428,61,HP,8.5,45,10/15/2025,black,57950
Laugh & Learn Smart Stages Chair (White),Toys,44.99,0,208,Fisher-Price,8.75,166,8/25/2025,white,9357.92
"G5 15 (64GB, Green)",Laptops,1200,433,236,Dell,8.75,188,1/29/2025,green,283200
Barbie Doll (Red),Toys,25.99,10,797,Mattel,8.75,647,6/25/2025,red,20714.03
"721 High Rise Skinny (Purple, M)",Clothing,98,0,687,Levi's,8.75,557,11/30/2020,purple,67326
Classic Hand Mixer (Black),Kitchen,59.99,0,369,KitchenAid,8.75,300,5/13/2023,black,22136.31
SNES (Blue),Gaming Consoles,90,0,129,Nintendo,8.75,101,6/14/2023,blue,11610
"Bravia A8H (50"", Brown frame)",TVs,1199,116,949,Sony,8.75,754,3/31/2025,brown,1137851
"RU7100 (50"", Red frame)",TVs,349,299,335,Samsung,8.25,272,4/5/2024,red,116915
"Sportswear Club Hoodie (Gray, XXL)",Clothing,55,0,402,Nike,8.65,312,11/15/2020,gray,22110
"iPhone 14 (1TB, Gray)",Smartphones,1299,,740,Apple,9,622,7/6/2020,gray,961260
Ideas Tree House (21318) (Green),Toys,79.99,229,532,LEGO,8.75,426,2/3/2022,green,42554.68
Designer Compact Keyboard (Yellow),Keyboards,79.99,138,597,Microsoft,8.5,487,3/25/2023,yellow,47754.03
"MatePad Pro (64GB, Black)",Tablets,499,0,344,Huawei,8.3,272,12/16/2025,black,171656
"501 Shorts (Gray, XS)",Clothing,69.5,487,586,Levi's,8.75,468,4/3/2024,gray,40727
"iPhone 8 (128GB, Red)",Smartphones,250,302,467,Apple,8.5,383,10/17/2022,red,116750
"Galaxy S8 (1TB, Yellow)",Smartphones,999,430,726,Samsung,8.75,599,1/23/2023,yellow,725274
"AirPods Max (Wired, Red)",Headphones,549,402,543,Apple,8.75,441,11/22/2024,red,298107
PS Vita (Yellow),Gaming Consoles,200,,725,Sony,8.5,564,5/20/2022,yellow,145000
Galaxy Watch 4 (Orange),Watches,249.99,164,423,Samsung,8.75,352,5/10/2024,orange,105745.77
Edifice EFR-S107D (Brown),Watches,150,419,367,Casio,8.5,302,6/4/2024,brown,55050
"Galaxy Tab S5e (64GB, Yellow)",Tablets,449,354,884,Samsung,8.5,715,7/18/2020,yellow,396916
"MatePad T8 (512GB, Blue)",Tablets,130,27,423,Huawei,7.5,325,2/14/2021,blue,54990
"ROG Zephyrus G14 (512GB, Brown)",Laptops,1499,280,932,Asus,8.75,764,8/8/2025,brown,1397068
"P30 Pro (1TB, Yellow)",Smartphones,899,0,212,Huawei,8.5,172,10/2/2025,yellow,190588
"MacBook Pro 14 (2021) (256GB, Blue)",Laptops,1999,464,870,Apple,9.25,692,10/15/2021,blue,1739130
Duo Nova (Blue),Kitchen,99.99,15,374,Instant Pot,9.25,304,9/24/2023,blue,37396.26
"ZenBook 14 UX425 (1TB, White)",Laptops,1100,238,810,Asus,9.2,644,9/27/2021,white,891000
"Mi 8 (256GB, Gray)",Smartphones,450,0,403,Xiaomi,8.25,322,2/12/2024,gray,181350
Technic Bugatti Chiron (42083) (Orange),Toys,349.99,0,22,LEGO,9.25,21,3/25/2024,orange,7699.78
"Bravia A80J (65"", White frame)",TVs,1999,0,336,Sony,9.2,266,3/14/2023,white,671664
Battleship (Black),Toys,30,489,802,Hasbro,8.5,637,9/2/2025,black,24060
"Sleepbuds II (Wireless, Gray)",Headphones,249,0,747,Bose,8.5,587,5/27/2024,gray,186003
Barbie Doll (Green),Toys,24.99,495,806,Mattel,8.75,650,12/18/2020,green,20141.94
"Mate 20 (1TB, White)",Smartphones,799,240,615,Huawei,8.34,487,8/23/2024,white,491385
"Pump Omni Lite (White, EU 42)",Shoes,160,60,50,Reebok,8.7,34,1/9/2021,white,8000
"SB Icon Hoodie (Gray, M)",Clothing,65,430,290,Nike,8.75,233,3/4/2021,gray,18850
"QNED MiniLED 90 (65"", Gray frame)",TVs,1599,36,54,LG,8.5,42,5/29/2020,gray,86346
Arc Mouse (Orange),Mice,79.99,100,535,Microsoft,8.45,424,7/28/2021,orange,42794.65
G915 Lightspeed (White),Keyboards,229.99,51,653,Logitech,9.2,535,2/28/2022,white,150183.47
Pro Trek PRG-600 (Gray),Watches,300,369,919,Casio,8.5,719,1/26/2021,gray,275700
"RC Elite (Gray, EU 42)",Shoes,225,388,202,New Balance,9.2,167,8/20/2021,gray,45450
"OLED B1 (75"", White frame)",TVs,2499,95,5,LG,8.75,4,11/10/2025,white,12495
HD2137 Pressure Cooker (Black),Kitchen,99.99,17,699,Philips,8.75,537,8/3/2021,black,69893.01
"6 (64GB, Red)",Smartphones,299,498,245,OnePlus,8.5,191,11/25/2025,red,73255
Galaxy Watch 5 (Green),Watches,279.99,472,356,Samsung,8.5,283,2/13/2024,green,99676.44
"Alienware m15 R3 (1TB, Brown)",Laptops,1800,101,530,Dell,8.5,431,7/22/2022,brown,954000
DeathStalker V2 (White),Keyboards,199.99,0,928,Razer,8.3,765,8/31/2020,white,185590.72
"512 Slim Taper Jeans (Gray, XS)",Clothing,69.5,0,282,Levi's,8.75,213,9/2/2023,gray,19599
Xbox Series S (Green),Gaming Consoles,299.99,0,324,Microsoft,8.5,256,8/4/2024,green,97196.76
Enchantimals Doll (Gray),Toys,10,96,532,Mattel,,408,3/15/2021,gray,5320
"Omen 15 (64GB, Blue)",Laptops,2200,334,145,HP,8.75,115,8/13/2025,blue,319000
"Galaxy S20 (128GB, Gray)",Smartphones,699,407,705,Samsung,8.75,572,5/20/2025,gray,492795
Pro IntelliMouse (Blue),Mice,59.99,186,63,Microsoft,8.5,45,2/27/2022,blue,3779.37
"AirPods Pro (1st generation) (Wireless, Yellow)",Headphones,249,306,177,Apple,9,150,4/18/2022,yellow,44073
"Noise Cancelling Headphones 700 (Wired, Black)",Headphones,379,201,558,Bose,8.75,466,1/9/2020,red,211482
UNO Card Game (Black),Toys,9.99,144,216,Mattel,8.75,166,10/15/2024,black,2157.84
"Tech Shorts (Gray, S)",Clothing,35,0,487,Under Armour,8.75,386,12/20/2020,gray,17045
"iPad (2018) (128GB, Brown)",Tablets,350,382,916,Apple,8.5,722,8/29/2022,brown,320600
Lack Coffee Table (Gray),Furniture,49.99,296,877,IKEA,8.25,698,11/25/2024,gray,43841.23
Galaxy Fit (Purple),Watches,99.99,125,38,Samsung,8.5,33,8/24/2022,purple,3799.62
"iPad (2020) (1TB, Blue)",Tablets,1299,321,675,Apple,8.75,521,12/5/2021,blue,876825
Duo Evo Plus (Blue),Kitchen,129.99,0,752,Instant Pot,9.25,595,3/31/2021,blue,97752.48
Bolanburg Dining Table (Brown),Furniture,700,234,486,Ashley Furniture,8.35,392,10/10/2022,brown,340200
VCS (2021) (Green),Gaming Consoles,299.99,426,665,Atari,7.5,550,3/11/2020,green,199493.35
Juice Fountain Elite (Black),Kitchen,299.95,121,757,Breville,8.75,594,8/25/2024,black,227062.15
Chaliene Sofa (Gray),Furniture,599,470,332,Ashley Furniture,8.5,262,4/15/2022,gray,198868
"Bravia Z9F (43"", Red frame)",TVs,1200,493,585,Sony,8.5,469,5/10/2021,red,702000
BlackWidow Lite (Black),Keyboards,89.99,88,427,Razer,8.6,350,12/10/2020,black,38425.73
"MacBook Air (2017) (1TB, White)",Laptops,700,486,435,Apple,8,360,7/6/2021,white,304500
"Tiro 21 Track Pants (Yellow, S)",Clothing,45,93,753,Adidas,8.5,598,7/18/2020,yellow,33885
"Storm Cyclone Jacket (Green, XS)",Clothing,120,411,136,Under Armour,8.75,102,10/4/2022,green,16320
Sense (Purple),Watches,299.95,0,557,Fitbit,8.5,445,2/13/2021,purple,167072.15
PS Vita (Brown),Gaming Consoles,200,300,270,Sony,8.5,216,10/6/2023,brown,54000
"12 (1TB, Gray)",Smartphones,1199,,656,Xiaomi,8.75,522,8/14/2020,gray,786544
Precision Brewer (Orange),Kitchen,299.95,187,655,Breville,8.75,524,2/25/2024,orange,196467.25
Mighty Mouse (Orange),Mice,69.99,418,203,Apple,8.5,168,5/6/2022,orange,14207.97
"iPhone 6 (256GB, Brown)",Smartphones,250,16,178,Apple,7.5,139,1/5/2021,brown,44500
G502 HERO (Yellow),Mice,49.99,201,264,Logitech,9.25,208,10/29/2023,yellow,13197.36
"QuietComfort 45 (Wired, Brown)",Headphones,329,57,414,Bose,,326,1/16/2022,red,136206
HR3752 Blender (Orange),Kitchen,55,339,938,Philips,8.75,744,1/2/2025,orange,51590
"Samba Jersey (Brown, M)",Clothing,70,14,351,Adidas,8.45,287,6/15/2020,brown,24570
"Legacy Lifter (Gray, EU 38)",Shoes,200,0,40,Reebok,8.75,29,10/19/2023,gray,8000
"Sportswear Tech Fleece Pants (Purple, XXL)",Clothing,110,176,255,Nike,8.75,209,5/20/2023,purple,28050
Beginnings TV Stand (Brown),Furniture,120,138,925,Sauder,7.5,758,5/6/2024,brown,111000
"ENVY 15 (64GB, White)",Laptops,1200,0,492,HP,8.5,378,12/5/2024,white,590400
Willenburg Upholstered Bed (Yellow),Furniture,450,0,547,Ashley Furniture,8.25,433,4/27/2020,red,246150
Air Fryer XXL (Black),Kitchen,299,0,360,Philips,9.2,306,4/13/2023,black,107640
"Beats Studio3 (Wired, Black)",Headphones,349.95,92,622,Apple,8.75,503,2/27/2021,red,217668.9
"Fresh Foam 1080 (Yellow, EU 46)",Shoes,160,470,667,New Balance,,524,7/24/2020,yellow,106720
Pax Wardrobe (Black),Furniture,350,0,217,IKEA,8.5,182,11/1/2022,black,75950
Duo Plus (Orange),Kitchen,129.95,100,446,Instant Pot,9.25,356,5/8/2025,orange,57957.7
"Court Victory Skirt (Orange, XS)",Clothing,55,0,666,Nike,8.75,543,8/29/2024,orange,36630
"6-Series R648 (8K) (75"", Orange frame)",TVs,2999,406,23,TCL,8.25,18,11/25/2020,orange,68977
"ThinkPad X1 Yoga (4th Gen) (128GB, Yellow)",Laptops,900,0,294,Lenovo,8.5,224,12/12/2024,yellow,264600
Surface Mobile Mouse (Gray),Mice,34.99,0,289,Microsoft,8.2,225,12/19/2022,gray,10112.11
Star Wars Millennium Falcon (75192) (Purple),Toys,849.99,0,358,LEGO,9.7,292,8/12/2021,purple,304296.42
Hot Wheels 20-Car Pack (White),Toys,21.99,104,887,Mattel,8.5,709,8/18/2020,white,19505.13
5-Speed Classic Blender (Brown),Kitchen,99.99,478,106,KitchenAid,8.75,88,8/8/2024,brown,10598.94
"HD 450BT (Wireless, White)",Headphones,150,269,286,Sennheiser,8.5,237,4/28/2021,white,42900
"QuietComfort 35 II (Wired, Gray)",Headphones,249,364,648,Bose,9.1,524,10/19/2020,red,161352
Duo 7-in-1 (Purple),Kitchen,99.99,0,738,Instant Pot,9.2,584,9/7/2023,purple,73792.62
Ionic (Red),Watches,250,54,961,Fitbit,8.5,777,10/26/2025,red,240250
Duo Evo Plus (Brown),Kitchen,129.99,64,908,Instant Pot,9.2,724,4/13/2021,brown,118030.92
"QLED Q80A (75"", Brown frame)",TVs,2199.99,13,811,Samsung,8.75,653,8/28/2022,brown,1784191.89
"Bravia X90J (65"", Blue frame)",TVs,1399,358,994,Sony,8.75,798,9/2/2020,blue,1390606
"65PUS8504 (65"", Gray frame)",TVs,1200,0,362,Philips,8.4,292,7/30/2025,gray,434400
"Bravia X80J (50"", Purple frame)",TVs,649.99,90,308,Sony,8.5,242,3/10/2020,purple,200196.92
"ThinkPad X1 Yoga (4th Gen) (64GB, Brown)",Laptops,2400,124,616,Lenovo,,483,8/2/2024,brown,1478400
"Blazer Mid '77 (Brown, EU 42)",Shoes,105,0,235,Nike,8.76,177,9/3/2025,brown,24675
"iPad Pro 11 (2020) (256GB, Red)",Tablets,899,476,197,Apple,9.5,160,11/24/2021,red,177103
Noguchi Table (Red),Furniture,1995,454,547,Herman Miller,9.25,446,6/30/2024,red,1091265
"iPad (2017) (64GB, Yellow)",Tablets,400,12,322,Apple,8.5,264,3/14/2022,yellow,128800
Air Fryer AF101 (Yellow),Kitchen,119.99,325,538,Ninja,9.2,434,4/7/2022,yellow,64554.62
G512 Carbon (White),Keyboards,99.99,131,55,Logitech,8.75,44,3/31/2022,white,5499.45
K63 Wireless (Green),Keyboards,99.99,26,713,Corsair,8.5,575,5/12/2021,green,71292.87
Cold Brew Coffee Maker (Yellow),Kitchen,99.99,0,322,KitchenAid,8.45,248,4/30/2025,yellow,32196.78
"ThinkPad X12 Detachable (128GB, White)",Tablets,1099,375,616,Lenovo,8.5,485,5/17/2020,white,676984
"Elite 65t (Wireless, Yellow)",Headphones,99.99,311,764,Jabra,8.5,611,5/25/2020,yellow,76392.36
"Tab M10 FHD Plus (512GB, Green)",Tablets,299,262,69,Lenovo,8.2,50,8/22/2020,green,20631
Orchard Hills TV Stand (Yellow),Furniture,150,0,412,Sauder,7.85,338,6/9/2023,yellow,61800
"WF-1000XM4 (Wireless, Purple)",Headphones,279.99,146,930,Sony,9.2,753,4/20/2021,purple,260390.7
"QN90A Neo QLED (65"", Yellow frame)",TVs,1799,0,78,Samsung,8.75,63,7/10/2022,yellow,140322
Willenburg Upholstered Bed (Red),Furniture,450,207,545,Ashley Furniture,8.2,429,5/6/2020,red,245250
Draycoll Recliner (Gray),Furniture,499.99,331,670,Ashley Furniture,8.25,550,3/17/2024,gray,334993.3
"WF-1000XM3 (Wireless, Purple)",Headphones,199,192,936,Sony,8.75,744,12/6/2023,purple,186264
"Galaxy Note20 (1TB, Yellow)",Smartphones,1299,0,759,Samsung,9,588,11/25/2025,yellow,985941
Surface Mobile Mouse (Yellow),Mice,35,0,246,Microsoft,8.25,209,9/11/2023,yellow,8610
"7T (1TB, Blue)",Smartphones,649,0,796,OnePlus,8.5,631,11/20/2020,blue,516604
"WH-1000XM4 (Wired, White)",Headphones,299.99,386,353,Sony,,282,3/29/2021,red,105896.47
"MDR-1AM2 (Wired, White)",Headphones,299.99,0,488,Sony,8.65,383,4/23/2024,red,146395.12
"QuietComfort 25 (Wired, Gray)",Headphones,129,0,813,Bose,8.75,649,1/1/2025,red,104877
"IdeaPad Duet 3 (64GB, Yellow)",Tablets,300,296,187,Lenovo,8.5,150,6/13/2020,yellow,56100
"P20 Pro (256GB, Gray)",Smartphones,450,220,991,Huawei,8.2,790,1/20/2021,gray,445950
Xbox 360 (Green),Gaming Consoles,100,208,769,Microsoft,7.5,615,6/6/2021,green,76900
Soup Maker (Purple),Kitchen,129.99,0,582,Philips,8.5,480,1/21/2021,purple,75654.18
"Clyde (White, EU 46)",Shoes,120,302,531,Puma,8.75,397,1/19/2024,white,63720
PSP (Black),Gaming Consoles,150,425,148,Sony,8.5,123,8/11/2024,black,22200
"Pleated Skirt (Purple, S)",Clothing,29.99,266,713,H&M,8.4,603,4/26/2022,purple,21382.87
Versa 3 (Red),Watches,229.95,0,609,Fitbit,8.5,478,11/11/2025,red,140039.55
"Mi 9 (256GB, Purple)",Smartphones,399,0,270,Xiaomi,8.5,216,5/29/2021,purple,107730
Galaxy Watch (Red),Watches,349.99,243,13,Samsung,8.6,13,10/11/2020,red,4549.87
"QuietComfort 25 (Wireless, Yellow)",Headphones,299,0,807,Bose,8.75,638,7/15/2020,yellow,241293
"Pro HyperWarm Top (Gray, S)",Clothing,65,0,383,Nike,8.5,310,6/11/2024,gray,24895
"Air Force 1 (Green, EU 42)",Shoes,110,0,67,Nike,8.75,56,2/18/2023,green,7370
"Elite 85t (Wireless, Brown)",Headphones,229.99,0,236,Jabra,8.75,179,5/12/2024,brown,54277.64
Spiralizer Attachment (White),Kitchen,79.99,0,969,KitchenAid,8.75,739,6/24/2021,white,77510.31
Hemnes TV Bench (Gray),Furniture,199,284,242,IKEA,,202,7/22/2020,gray,48158
Mamba Elite (Yellow),Mice,89.99,50,149,Razer,8.75,116,1/8/2021,yellow,13408.51
"Yoga Smart Tab (64GB, White)",Tablets,240,487,884,Lenovo,8.5,689,12/30/2020,white,212160
"505 Regular Jeans (Orange, XL)",Clothing,69.5,0,317,Levi's,8.75,240,2/6/2021,orange,22031.5
"ThinkPad T14 (1TB, Gray)",Laptops,1450,0,203,Lenovo,8.75,163,8/4/2024,gray,294350
Watch Series 4 (Green),Watches,399,289,245,Apple,8.75,193,9/9/2021,green,97755
"IdeaPad 5 (128GB, Purple)",Laptops,600,0,177,Lenovo,8.5,143,11/11/2022,purple,106200
G915 Lightspeed (Black),Keyboards,229.99,115,308,Logitech,9.2,254,6/20/2020,black,70836.92
"QuietComfort 25 (Wireless, Black)",Headphones,199,0,350,Bose,8.75,268,12/15/2024,black,69650
DeathStalker V2 (Green),Keyboards,199.99,0,977,Razer,8.5,779,3/13/2023,green,195390.23
Aeron Chair (Orange),Furniture,1495,2,637,Herman Miller,9.2,508,12/15/2023,orange,952315
"Tab M10 FHD Plus (1TB, Yellow)",Tablets,450,439,560,Lenovo,8.2,433,2/18/2022,yellow,252000
Marathon M705 (Green),Mice,49.99,303,158,Logitech,9.25,133,9/30/2024,green,7898.42
"Bravia Z9F (43"", Black frame)",TVs,1199.99,321,681,Sony,8.5,549,9/9/2022,black,817193.19
"SoundLink Around-Ear II (Wired, Green)",Headphones,129.95,217,81,Bose,8.75,61,10/15/2025,red,10525.95
M720 Triathlon (Red),Mice,49.99,0,230,Logitech,8.75,182,9/10/2020,red,11497.7
BCI600XL Smart Scoop (White),Kitchen,399.95,0,356,Breville,8.75,293,11/22/2020,white,142382.2
"MediaPad M6 (64GB, Purple)",Tablets,250,120,322,Huawei,7.5,256,1/10/2020,purple,80500
"Mate 30 (1TB, Red)",Smartphones,1200,477,381,Huawei,8.25,318,8/7/2023,red,457200
"Alienware m15 R3 (1TB, Brown)",Laptops,1800,101,530,Dell,8.5,424,7/22/2022,brown,954000
"G5 15 (512GB, Blue)",Laptops,1100,269,644,Dell,8.5,524,11/24/2025,blue,708400
"Pavilion 15 (1TB, Yellow)",Laptops,649,0,516,HP,8.2,421,11/4/2023,yellow,334884
"Launch SW 7"" Shorts (Green, XL)",Clothing,35,155,546,Under Armour,8.75,442,8/16/2023,green,19110
"MacBook Pro 16 (2021) (512GB, Gray)",Laptops,2499,402,968,Apple,9.25,788,4/22/2020,gray,2419032
5-Shelf Bookcase (Red),Furniture,120,411,844,Sauder,8.5,672,3/19/2020,red,101280
"721 High Rise Skinny (Orange, M)",Clothing,89.5,94,199,Levi's,7.8,166,11/2/2021,orange,17810.5
"Manchester United Home Jersey (Gray, XXL)",Clothing,100,151,789,Adidas,7.8,639,10/24/2022,gray,78900
"QuietComfort Earbuds (Wired, Black)",Headphones,199,0,673,Bose,8.75,544,5/26/2020,red,133927
"UHD UN7300 (75"", Red frame)",TVs,1199,6,473,LG,8.45,385,7/19/2025,red,567127
Wade Logan Dining Table (Red),Furniture,450,381,269,Wayfair,8.5,212,12/6/2020,red,121050
"Pavilion 14 (1TB, Orange)",Laptops,750,386,93,HP,8.2,69,4/30/2022,orange,69750
Pro Mouse (Red),Mice,99,112,657,Apple,8.75,536,11/17/2025,red,65043
"Condivo 20 Training Top (Yellow, S)",Clothing,50,321,399,Adidas,8.75,320,1/10/2024,yellow,19950
Clue (Blue),Toys,19.99,0,829,Hasbro,8.5,657,5/29/2024,blue,16571.71
"Gazelle (White, EU 40)",Shoes,100,206,429,Adidas,8.75,359,2/27/2025,white,42900
"Puffer Jacket (White, XL)",Clothing,79.99,0,932,H&M,8.5,745,10/7/2023,white,74550.68
K70 Pro Mini Wireless (Brown),Keyboards,180,274,355,Corsair,8.75,288,10/28/2024,brown,63900
"55R635 (65"", Yellow frame)",TVs,699,0,975,TCL,8.75,780,8/6/2025,yellow,681525
7800 (Yellow),Gaming Consoles,49.99,410,338,Atari,7.5,276,9/5/2022,yellow,16896.62
KSB1570ER 5-Speed Blender (Gray),Kitchen,99.99,0,288,KitchenAid,8.75,237,5/3/2023,gray,28797.12
"OLED A1 (75"", Green frame)",TVs,2200,443,45,LG,8.75,34,9/8/2020,green,99000
"TU8000 (55"", Orange frame)",TVs,450,175,397,Samsung,8.25,315,7/16/2022,orange,178650
"OLED CX (65"", Purple frame)",TVs,2000,133,302,LG,9.2,237,11/8/2024,purple,604000
"Surface Book 3 (128GB, Brown)",Tablets,1399,41,171,Microsoft,8.5,143,11/1/2021,brown,239229
"RU7100 (43"", Yellow frame)",TVs,299.99,368,974,Samsung,8.5,790,3/9/2022,yellow,292190.26
Lack Coffee Table (Orange),Furniture,29.99,374,404,IKEA,,328,11/20/2021,orange,12115.96
Precision Brewer (Yellow),Kitchen,349.95,30,971,Breville,8.75,776,3/1/2024,yellow,339801.45
Mercury Row Merwin TV Stand (Gray),Furniture,250,0,767,Wayfair,8.3,621,4/27/2023,gray,191750
"996 (Green, EU 42)",Shoes,130,0,798,New Balance,8.75,644,8/20/2023,green,103740
"Samba Jersey (Brown, S)",Clothing,55,0,971,Adidas,8.5,795,10/26/2021,brown,53405
"iPhone 11 (1TB, Yellow)",Smartphones,1099,0,697,Apple,8.5,565,1/30/2021,yellow,766003
"501 Original Jeans (Yellow, S)",Clothing,69.99,0,45,Levi's,8.7,32,4/4/2024,yellow,3149.55
Watch SE (Black),Watches,279,231,15,Apple,8.5,12,1/10/2022,black,4185
Strafe RGB MK.2 (Orange),Keyboards,150,216,709,Corsair,8.75,575,4/13/2025,orange,106350
Draycoll Recliner (Green),Furniture,450,290,702,Ashley Furniture,7.8,561,7/14/2025,green,315900
Apex 100 (White),Keyboards,39.99,328,740,SteelSeries,7.8,565,3/19/2023,white,29592.6
"HD 599 (Wired, Orange)",Headphones,199,119,653,Sennheiser,9.2,529,6/4/2020,red,129947
North Avenue Desk (Green),Furniture,225,0,742,Sauder,8.5,609,5/19/2025,green,166950
"iPad (2017) (128GB, Orange)",Tablets,449,169,126,Apple,8.5,96,12/24/2022,orange,56574
G-Shock Rangeman (Purple),Watches,330,342,464,Casio,8.75,370,5/23/2021,purple,153120
Watch Series 6 (Black),Watches,399,0,662,Apple,9.25,520,12/14/2022,black,264138
Three Posts Reistville Panel Bed (White),Furniture,350,0,820,Wayfair,8.2,660,8/2/2023,white,287000
"MacBook Air (2017) (128GB, Purple)",Laptops,450,0,565,Apple,8.5,450,11/23/2023,purple,254250
Ebern Designs Convertible Sofa (Brown),Furniture,399.99,208,659,Wayfair,7.8,525,3/2/2020,brown,263593.41
Baby's First Blocks (White),Toys,10.99,0,304,Fisher-Price,9.3,233,4/19/2023,white,3340.96
ST (Blue),Gaming Consoles,49.99,166,521,Atari,7.5,404,12/26/2025,blue,26044.79
MX Master (Green),Mice,99.99,0,63,Logitech,9.2,51,6/5/2020,green,6299.37
Verus Chair (Brown),Furniture,995,132,454,Herman Miller,8.75,348,3/31/2023,brown,451730
Kinect (Brown),Gaming Consoles,79.99,498,773,Microsoft,7.85,606,4/14/2024,brown,61832.27
Zipcode Design Desk (Orange),Furniture,150,340,974,Wayfair,8.2,778,7/29/2022,orange,146100
"Surface Pro 9 (128GB, Brown)",Tablets,899,0,899,Microsoft,8.75,716,8/18/2020,brown,808201
"ROG Zephyrus G14 (1TB, Red)",Laptops,1699,0,374,Asus,8.75,293,8/14/2022,red,635426
"WF-1000XM4 (Wired, Blue)",Headphones,280,416,452,Sony,8.75,375,1/29/2024,red,126560
"SB Icon Hoodie (Yellow, L)",Clothing,70,455,426,Nike,8.75,340,6/10/2025,yellow,29820
G-Shock GA2100 (Gray),Watches,99,291,400,Casio,8.75,330,6/29/2020,gray,39600
Rival 110 (Brown),Mice,35,383,670,SteelSeries,8.5,545,10/25/2020,brown,23450
"UHD UN7300 (43"", Green frame)",TVs,379,128,623,LG,8.75,509,1/28/2021,green,236117
"Elite 75t (Wired, Purple)",Headphones,119.99,0,742,Jabra,8.45,588,12/28/2025,red,89032.58
Prime Wireless (Green),Mice,140,95,757,SteelSeries,8.75,616,12/29/2021,green,105980
"Surface Pro X (512GB, Green)",Tablets,1499,0,514,Microsoft,8.75,400,3/19/2024,green,770486
"QLED Q80A (75"", Red frame)",TVs,2499,,7,Samsung,8.75,6,1/15/2022,red,17493
G502 HERO (Brown),Mice,49.99,183,233,Logitech,9.25,188,1/11/2025,brown,11647.67
"Galaxy Note20 (512GB, Red)",Smartphones,999,360,673,Samsung,8.75,544,11/15/2022,red,672327
K68 RGB (Brown),Keyboards,109.99,186,626,Corsair,8.75,520,3/20/2023,brown,68853.74
Master Prep Professional (Green),Kitchen,59.99,21,15,Ninja,8.75,13,6/22/2022,green,899.85
"QN85A Neo QLED (43"", Green frame)",TVs,1099,479,27,Samsung,9.25,24,7/9/2025,green,29673
"Galaxy S7 (256GB, White)",Smartphones,350,455,798,Samsung,8,640,12/22/2025,white,279300
"992 (Gray, EU 42)",Shoes,185,17,972,New Balance,8.7,797,6/17/2023,gray,179820
Bakugan Battle Arena (Red),Toys,19.99,387,640,Spin Master,8.25,521,2/15/2020,red,12793.6
"3-Stripes Track Jacket (Blue, XXL)",Clothing,75,23,907,Adidas,8.5,726,8/30/2024,blue,68025
"ROG Zephyrus G14 (64GB, White)",Laptops,2200,117,701,Asus,,573,2/20/2025,white,1542200
"Mate 30 (64GB, Gray)",Smartphones,450,392,175,Huawei,8.25,139,8/25/2020,gray,78750
F-91W (Red),Watches,19.99,42,896,Casio,8.25,719,8/18/2023,red,17911.04
Aerox 3 Wireless (Gray),Mice,99.99,302,823,SteelSeries,8.75,661,4/23/2020,gray,82291.77
Designer Compact Keyboard (Purple),Keyboards,89.99,117,915,Microsoft,8.4,746,6/22/2020,purple,82340.85
Malm Bed Frame (Red),Furniture,249,0,579,IKEA,8.3,484,11/22/2024,red,144171
"Launch SW 7"" Shorts (Purple, M)",Clothing,35,240,766,Under Armour,8.75,598,5/3/2024,purple,26810
5200 (Blue),Gaming Consoles,49.99,0,995,Atari,7.8,792,3/6/2020,blue,49740.05
Rainforest Jumperoo (Gray),Toys,119.99,182,446,Fisher-Price,9.3,368,10/6/2025,gray,53515.54
Havalance Coffee Table (Brown),Furniture,300,0,265,Ashley Furniture,8.5,206,10/10/2024,brown,79500
"MacBook Pro 16 (2021) (1TB, Purple)",Laptops,2699,357,216,Apple,,165,12/26/2025,purple,582984
"Mi 9 (64GB, Gray)",Smartphones,200,0,456,Xiaomi,8.5,375,11/30/2021,gray,91200
PlayStation 4 (Green),Gaming Consoles,299,0,700,Sony,8.75,561,3/10/2021,green,209300
"Air Zoom Pegasus 38 (Brown, EU 39)",Shoes,120,118,916,Nike,8.75,726,3/18/2023,brown,109920
"Adizero Adios Pro (Black, EU 39)",Shoes,220,243,397,Adidas,8.75,322,9/2/2025,black,87340
"5-Series S546 (43"", Black frame)",TVs,329.99,28,355,TCL,8.45,293,7/31/2023,black,117146.45
"55PUS8804 (43"", Purple frame)",TVs,700,0,583,Philips,8.2,477,8/27/2021,purple,408100
"Inspiron 15 3000 (1TB, Gray)",Laptops,450,441,180,Dell,7.5,137,1/23/2024,gray,81000
"Galaxy Tab A8 (64GB, White)",Tablets,230,136,356,Samsung,8.5,293,5/20/2023,white,81880
M720 Triathlon (Yellow),Mice,39.99,281,98,Logitech,8.75,78,5/16/2023,yellow,3919.02
"5 (128GB, Yellow)",Smartphones,349,412,214,OnePlus,8.7,168,7/24/2023,yellow,74686
"Slim Fit Suit Pants (White, XS)",Clothing,39.99,334,483,H&M,7.85,382,8/24/2025,white,19315.17
Wade Logan Dining Table (Orange),Furniture,450,0,706,Wayfair,8.25,540,3/27/2023,orange,317700
PlayStation 1 (Yellow),Gaming Consoles,30,0,156,Sony,8.5,122,7/12/2020,yellow,4680
Rival 600 (Black),Mice,79.99,54,558,SteelSeries,8.6,460,1/30/2024,black,44634.42
"11T (512GB, Black)",Smartphones,550,,421,Xiaomi,8.5,337,8/13/2022,black,231550
"iPhone 12 (256GB, Silver)",Smartphones,749,115,3596,Apple,8.75,2908,10/29/2022,silver,2693404
Bjursta Extendable Table (Blue),Furniture,299,173,286,IKEA,8.75,229,10/6/2022,blue,85514
"Yoga Tab 13 (256GB, White)",Tablets,699,0,524,Lenovo,8.5,426,11/11/2024,white,366276
Harry Potter Hogwarts Castle (71043) (Yellow),Toys,469.99,0,573,LEGO,9.5,459,1/8/2024,yellow,269304.27
"iPhone 11 (512GB, Green)",Smartphones,799,,168,Apple,8.7,139,12/23/2020,green,134232
Connect 4 (Blue),Toys,15.99,52,711,Hasbro,8.75,585,3/1/2025,blue,11368.89
"Yoga Tab 13 (128GB, Red)",Tablets,399,0,520,Lenovo,8.5,422,10/5/2021,red,207480
"Club C 85 (Purple, EU 38)",Shoes,75,432,196,Reebok,8.5,160,12/20/2020,purple,14700
"Galaxy Note20 (128GB, Purple)",Smartphones,749,419,576,Samsung,8.5,475,11/16/2022,purple,431424
"Yoga Smart Tab (512GB, Orange)",Tablets,349.99,320,751,Lenovo,8.25,612,8/10/2025,orange,262842.49
Galaxy Watch Active2 (Purple),Watches,249.99,69,789,Samsung,8.5,622,9/21/2020,purple,197242.11
Laugh & Learn Smart Stages Puppy (Green),Toys,24.99,0,224,Fisher-Price,8.75,174,4/30/2023,green,5597.76
Xbox 360 Arcade (White),Gaming Consoles,150,0,25,Microsoft,7.5,21,1/15/2021,white,3750
"P40 (1TB, Blue)",Smartphones,699,219,198,Huawei,8.75,152,2/18/2023,blue,138402
"Galaxy Tab S8 (64GB, Gray)",Tablets,699.99,0,731,Samsung,8.75,590,11/3/2022,gray,511692.69
G-Shock Mudmaster (Purple),Watches,320,0,472,Casio,8.75,383,4/30/2021,purple,151040
BlackWidow Lite (Blue),Keyboards,89.99,0,180,Razer,8.5,142,10/6/2025,blue,16198.2
Viva Collection Juicer (Black),Kitchen,120,0,984,Philips,8.5,782,4/20/2022,black,118080
5-Shelf Bookcase (Purple),Furniture,129.99,170,721,Sauder,8.2,585,12/19/2024,purple,93722.79
"NMD R1 (Green, EU 39)",Shoes,130,218,975,Adidas,8.6,807,3/14/2020,green,126750
"Sleepbuds II (Wireless, Brown)",Headphones,249,200,68,Bose,8.75,60,8/30/2022,brown,16932
"Momentum 3 Wireless (Wireless, White)",Headphones,349.95,356,858,Sennheiser,8.75,704,8/12/2024,white,300257.1
Transformers Bumblebee (Yellow),Toys,24.99,459,501,Hasbro,8.5,421,7/15/2022,yellow,12519.99
"React Infinity Run (Red, EU 46)",Shoes,160,0,915,Nike,8.75,725,4/23/2020,red,146400
"Elite 65t (Wireless, Red)",Headphones,119.99,0,92,Jabra,8.75,78,8/2/2021,red,11039.08
"CX 400BT (Wired, Purple)",Headphones,,164,257,Sennheiser,8.5,208,11/28/2023,red,
"NanoCell 80 (65"", Red frame)",TVs,1099,176,610,LG,8.2,478,2/5/2025,red,670390
Wireless Mobile Mouse 1850 (Red),Mice,14.99,0,723,Microsoft,,581,1/8/2023,red,10837.77
"Tab P11 Pro (1TB, Black)",Tablets,800,0,815,Lenovo,8.5,673,7/27/2025,black,652000
"Slim Fit Suit Pants (Orange, L)",Clothing,49.99,0,689,H&M,7.85,531,5/1/2023,orange,34443.11
"Dunk Low (Green, EU 38)",Shoes,110,426,426,Nike,8.75,355,4/26/2020,green,46860
Mirra 2 Chair (White),Furniture,1495,411,234,Herman Miller,9.3,192,3/19/2022,white,349830
"CX 400BT (Wired, White)",Headphones,99.95,0,847,Sennheiser,8.5,684,3/13/2025,red,84657.65
"9 (64GB, Brown)",Smartphones,450,81,164,OnePlus,8.2,131,4/20/2020,brown,73800
"Disc Blaze (Brown, EU 42)",Shoes,120,262,757,Puma,8.75,611,7/13/2022,brown,90840
"Elite 85t (Wired, Orange)",Headphones,180,270,653,Jabra,8.75,545,9/21/2024,red,117540
"P20 (128GB, Purple)",Smartphones,350,210,10,Huawei,8,8,9/3/2022,purple,3500
Ideas Tree House (21318) (Brown),Toys,199.99,0,244,LEGO,9,182,8/4/2020,brown,48797.56
Noguchi Table (Green),Furniture,1995,0,871,Herman Miller,9.25,688,4/25/2022,green,1737645
Baby Learning Table (Brown),Toys,49.99,0,1,Fisher-Price,8.75,1,12/16/2023,brown,49.99
"70PUS6724 (43"", Blue frame)",TVs,450,0,1000,Philips,7.8,798,11/3/2024,blue,450000
"721 High Rise Skinny (Red, XS)",Clothing,89.5,465,757,Levi's,8.75,598,10/27/2022,red,67751.5
"Stan Smith (Black, EU 46)",Shoes,100,185,83,Adidas,8.75,65,9/25/2021,black,8300
Beginnings TV Stand (Yellow),Furniture,100,0,9,Sauder,7.5,8,2/13/2025,yellow,900
G Pro Wireless (Purple),Mice,129.99,0,905,Logitech,9.2,718,9/4/2025,purple,117640.95
Apex 3 (Gray),Keyboards,49.99,0,643,SteelSeries,8.75,520,3/21/2025,gray,32143.57
"Gazelle (Green, EU 38)",Shoes,100,150,319,Adidas,8.75,246,9/22/2021,green,31900
"TUF Gaming A15 (1TB, Red)",Laptops,1199,257,480,Asus,8.5,384,9/19/2020,red,575520
"Surface Book 3 (64GB, Brown)",Tablets,2299,0,648,Microsoft,8.5,516,12/11/2022,brown,1489752
Sculpt Comfort Mouse (Green),Mice,29.99,0,1,Microsoft,8.75,1,12/14/2025,green,29.99
Classic Hand Mixer (Yellow),Kitchen,59.99,489,351,KitchenAid,9.25,287,3/23/2024,yellow,21056.49
"AirPods Pro (1st generation) (Wired, Blue)",Headphones,199,0,876,Apple,,710,3/11/2023,red,174324
"55S535 (43"", White frame)",TVs,299.99,246,521,TCL,8.5,410,9/7/2022,white,156294.79
"6 (512GB, White)",Smartphones,699,233,53,OnePlus,8.75,42,8/27/2020,white,37047
"Ignite Limitless (Brown, EU 39)",Shoes,120,0,960,Puma,8.5,789,1/5/2021,brown,115200
Instinct (Green),Watches,299.99,154,149,Garmin,8.5,121,8/13/2023,green,44698.51
Porter Panel Bed (Yellow),Furniture,350,330,489,Ashley Furniture,8.25,384,6/22/2021,yellow,171150
"React Infinity Run (Brown, EU 40)",Shoes,160,0,961,Nike,8.75,785,8/28/2024,brown,153760
"Dunk Low (Gray, EU 40)",Shoes,110,165,137,Nike,8.75,111,7/20/2021,gray,15070
"Mate 30 (1TB, White)",Smartphones,849,492,265,Huawei,8.25,209,10/13/2023,white,224985
"iPad (2020) (512GB, Gray)",Tablets,1099,0,292,Apple,8.5,237,2/13/2023,gray,320908
"505 Regular Jeans (Gray, L)",Clothing,69.5,0,436,Levi's,8.75,359,2/25/2025,gray,30302
"The Frame LS03T (65"", Blue frame)",TVs,1999,0,477,Samsung,8.75,380,3/7/2025,blue,953523
"75R635 (43"", Purple frame)",TVs,449.99,139,557,TCL,8.65,419,1/29/2022,purple,250644.43
Caper Chair (Blue),Furniture,295,0,781,Herman Miller,8.75,619,5/13/2022,blue,230395
"MediaPad M5 (64GB, Brown)",Tablets,299,355,853,Huawei,8.25,682,1/9/2022,brown,255047
"UHD UN7300 (55"", Brown frame)",TVs,499,0,53,LG,8.5,42,5/14/2020,brown,26447
"Pro Tights (Brown, M)",Clothing,60,218,868,Nike,8.75,674,1/14/2025,brown,52080
"G3 15 (128GB, Yellow)",Laptops,899,0,244,Dell,7.8,196,7/22/2022,yellow,219356
Eames Lounge Chair (Brown),Furniture,7595,19,727,Herman Miller,9.45,583,3/16/2024,brown,5521565
"Nano X (White, EU 42)",Shoes,120,310,922,Reebok,8.5,730,7/23/2025,white,110640
Xbox One S (Black),Gaming Consoles,299,452,892,Microsoft,8.5,694,12/21/2020,black,266708
"ZBook Firefly 14 (64GB, Yellow)",Laptops,1800,37,172,HP,8.5,137,6/30/2025,yellow,309600
ST (Yellow),Gaming Consoles,49.99,0,165,Atari,7.5,134,5/8/2023,yellow,8248.35
"Ignite Limitless (White, EU 39)",Shoes,110,209,828,Puma,8.25,677,10/27/2020,white,91080
Venu 2 (Yellow),Watches,399.99,0,125,Garmin,8.75,99,4/10/2022,yellow,49998.75
"XPS 13 (9360) (256GB, Blue)",Laptops,900,87,184,Dell,8.5,145,7/26/2024,blue,165600
"Real Madrid Home Jersey (Gray, XL)",Clothing,100,271,531,Adidas,8.75,423,3/7/2020,gray,53100
Monopoly Board Game (Blue),Toys,19.99,440,57,Hasbro,8.45,42,3/7/2021,blue,1139.43
"8 (512GB, Brown)",Smartphones,699,0,45,OnePlus,8.75,38,1/5/2024,brown,31455
"P30 Pro (1TB, Green)",Smartphones,850,0,375,Huawei,8.5,301,8/12/2024,green,318750
"Zoom Freak 3 (White, EU 38)",Shoes,120,180,466,Nike,8.75,374,12/23/2024,white,55920
"Galaxy Tab A7 (128GB, Orange)",Tablets,279,50,128,Samsung,8.3,104,7/23/2025,orange,35712
"65R635 (50"", Brown frame)",TVs,499,0,583,TCL,8.5,472,2/11/2023,brown,290917
"Air Force 1 (Purple, EU 40)",Shoes,110,176,184,Nike,,147,1/6/2020,purple,20240
Ninjago City (70620) (Purple),Toys,299.99,320,833,LEGO,9.5,660,3/18/2023,purple,249891.67
"Samba Jersey (Gray, XL)",Clothing,65,196,718,Adidas,8.75,575,2/12/2021,gray,46670
"Surface Pro 7 (512GB, Gray)",Tablets,1399,400,317,Microsoft,8.65,258,12/6/2024,gray,443483
"AirPods Max (Wired, Brown)",Headphones,449,214,362,Apple,8.75,295,12/3/2023,red,162538
N64 (Purple),Gaming Consoles,120,36,802,Nintendo,9,635,1/15/2021,purple,96240
Craft (Brown),Keyboards,49.99,125,75,Logitech,8.75,62,11/2/2021,brown,3749.25
Clue (Purple),Toys,20,19,581,Hasbro,8.5,470,10/21/2023,purple,11620
"P20 (128GB, Purple)",Smartphones,350,210,10,Huawei,8,9,9/3/2022,purple,3500
Apex Pro Mini (Yellow),Keyboards,129.99,0,397,SteelSeries,9.2,323,11/12/2022,yellow,51606.03
"Tech Shorts (Orange, L)",Clothing,35,80,133,Under Armour,8.5,117,4/12/2024,orange,4655
"QuietComfort Earbuds (Wired, Orange)",Headphones,179,0,238,Bose,8.75,201,2/1/2022,red,42602
Foodi Grill (Gray),Kitchen,229.99,0,157,Ninja,8.75,121,4/7/2021,gray,36108.43
"65S535 (43"", Black frame)",TVs,499,31,252,TCL,8.5,202,11/2/2023,black,125748
"55PUS7334 (65"", Blue frame)",TVs,700,0,295,Philips,8.3,233,10/18/2020,blue,206500
Rival 110 (Black),Mice,29.99,,773,SteelSeries,8.3,641,12/10/2020,black,23182.27
Cosm Chair (Purple),Furniture,1495,194,100,Herman Miller,9,81,4/3/2021,purple,149500
"10 Pro (1TB, White)",Smartphones,849,190,361,OnePlus,8.5,292,11/24/2024,white,306489
"ENVY 15 (64GB, Black)",Laptops,1200,485,879,HP,8.5,708,12/13/2024,black,1054800
Food Processor KFP1466 (Red),Kitchen,329.99,160,178,KitchenAid,8.75,149,12/1/2021,red,58738.22
"65OLED936 (65"", Brown frame)",TVs,2800,403,523,Philips,8.8,420,3/5/2021,brown,1464400
Billy Bookcase (Orange),Furniture,59.99,232,841,IKEA,8.25,685,6/23/2022,orange,50451.59
"65PUS8504 (65"", Yellow frame)",TVs,1200,0,128,Philips,7.8,105,12/9/2023,yellow,153600
One-Touch Tea Maker (Brown),Kitchen,300,344,853,Breville,,676,6/6/2022,brown,255900
Nutri Pro Blender (Blue),Kitchen,99.99,96,161,Ninja,8.75,121,3/17/2025,blue,16098.39
"AirPods (2nd generation) (Wireless, Gray)",Headphones,129,401,34,Apple,8.75,26,9/20/2025,gray,4386
Sorry! (Yellow),Toys,20,0,213,Hasbro,8.75,173,6/9/2021,yellow,4260
Basilisk V3 (Red),Mice,69.99,126,8,Razer,8.75,6,2/24/2020,red,559.92
"Dunk Low (Brown, EU 40)",Shoes,110,282,990,Nike,8.75,800,2/23/2025,brown,108900
"XPS 13 (9370) (64GB, Yellow)",Laptops,1700,,348,Dell,8.75,269,10/11/2024,yellow,591600
"OLED G1 (43"", Yellow frame)",TVs,1399,73,224,LG,9,174,5/21/2023,yellow,313376
"Legacy Lifter (Gray, EU 40)",Shoes,130,117,676,Reebok,8.75,552,12/5/2020,gray,87880
"QuietComfort Earbuds (Wireless, Brown)",Headphones,249,0,913,Bose,8.7,717,9/27/2024,brown,227337
"ZenBook Pro Duo 15 (256GB, White)",Laptops,3000,5,993,Asus,8.5,794,12/19/2022,white,2979000
Max (Yellow),Kitchen,79.99,370,293,Instant Pot,9.2,235,9/30/2022,yellow,23437.07
"Galaxy Tab S8 Ultra (128GB, Green)",Tablets,999,215,460,Samsung,8.75,371,12/19/2025,green,459540
Watch Series 3 (Orange),Watches,199,52,979,Apple,8.5,780,10/9/2021,orange,194821
Operation (Black),Toys,20,275,300,Hasbro,8.5,251,3/8/2025,black,6000
"RC Elite (Brown, EU 42)",Shoes,225,264,284,New Balance,8.45,226,11/27/2025,brown,63900
"530 (Yellow, EU 42)",Shoes,110,243,642,New Balance,8.5,503,8/15/2025,yellow,70620
"ThinkBook 15 (256GB, Green)",Laptops,750,157,592,Lenovo,8.5,478,8/21/2021,green,444000
"Jersey Dress (Red, XS)",Clothing,24.99,0,604,H&M,8.3,493,12/11/2022,red,15093.96
Duo Evo Plus (White),Kitchen,129.99,0,252,Instant Pot,9.2,206,1/1/2024,white,32757.48
Bakugan Battle Arena (Orange),Toys,24.99,317,661,Spin Master,8.5,510,9/21/2024,orange,16518.39
"OLED CX (50"", Gray frame)",TVs,1200,46,552,LG,9.3,444,12/10/2021,gray,662400
Arc Mouse (White),Mice,79.99,406,937,Microsoft,8.5,740,5/28/2022,white,74950.63
Viper Ultimate (Orange),Mice,129.99,214,362,Razer,8.85,277,4/2/2022,orange,47056.38
"512 Slim Taper Jeans (Purple, L)",Clothing,69.5,90,296,Levi's,8.75,248,9/18/2024,purple,20572
"QuietComfort 35 II (Wired, Blue)",Headphones,279,98,391,Bose,9.2,329,10/10/2022,red,109089
K95 RGB Platinum (Orange),Keyboards,199.99,130,729,Corsair,8.75,578,1/3/2024,orange,145792.71
Darcy Sofa (Purple),Furniture,599.99,360,591,Ashley Furniture,8.65,470,6/4/2020,purple,354594.09
Galaxy Watch (Yellow),Watches,299.99,475,794,Samsung,8.75,621,8/18/2025,yellow,238192.06
"Fresh Foam 1080 (White, EU 46)",Shoes,159.99,0,638,New Balance,,509,10/24/2023,white,102073.62
PlayStation 1 (White),Gaming Consoles,120,0,970,Sony,8.5,776,7/1/2023,white,116400
"Nano X (Gray, EU 42)",Shoes,130,0,460,Reebok,8.5,372,11/7/2020,gray,59800
Air Fryer AF101 (Red),Kitchen,99.99,0,847,Ninja,8.75,700,4/21/2021,red,84691.53
"AirPods Pro (1st generation) (Wired, Red)",Headphones,199,346,930,Apple,8.75,751,10/6/2021,red,185070
Tech Deck (Black),Toys,14.99,430,73,Spin Master,8.5,51,3/12/2020,black,1094.27
Foodi Digital Air Fry Oven (White),Kitchen,229.99,347,292,Ninja,8.75,226,11/27/2025,white,67157.08
"ThinkPad X1 Yoga (4th Gen) (128GB, Black)",Laptops,1200,246,404,Lenovo,8.5,326,2/16/2025,black,484800
"iPhone XR (512GB, Purple)",Smartphones,749,320,562,Apple,8.5,433,9/5/2024,purple,420938
"Sherpa Trucker Jacket (White, M)",Clothing,89.99,91,469,Levi's,8.5,366,11/11/2024,white,42205.31
"574 (Brown, EU 44)",Shoes,85,0,150,New Balance,8.5,107,4/18/2020,brown,12750
Game Gear (Blue),Gaming Consoles,150,215,817,Sega,8.25,659,7/30/2025,blue,122550
Professional Blender (Purple),Kitchen,139.99,85,212,Ninja,8.75,179,9/24/2023,purple,29677.88
"501 Shorts (White, XS)",Clothing,69.5,120,528,Levi's,8.35,408,9/4/2024,white,36696
"iPhone 8 (512GB, Red)",Smartphones,450,0,308,Apple,7.5,239,8/6/2021,red,138600
"Basket (Gray, EU 44)",Shoes,70,169,372,Puma,8.5,297,12/22/2025,gray,26040
"Storm Cyclone Jacket (Yellow, XL)",Clothing,120,227,65,Under Armour,8.5,48,7/15/2021,yellow,7800
"PXC 550 (Wired, Blue)",Headphones,279.95,372,537,Sennheiser,8.75,420,9/12/2024,red,150333.15
Apex Pro (Black),Keyboards,199.99,337,904,SteelSeries,,730,7/8/2020,black,180790.96
"NanoCell 90 (75"", White frame)",TVs,1399,,846,LG,8.4,661,12/26/2021,white,1183554
G915 Lightspeed (Purple),Keyboards,249.99,229,350,Logitech,,270,7/21/2023,purple,87496.5
BlackWidow V3 (Purple),Keyboards,139.99,480,462,Razer,8.75,378,7/11/2021,black,64675.38
"AirPods Pro (2nd generation) (Wireless, Purple)",Headphones,249,121,115,Apple,9.3,89,4/24/2022,purple,28635
Lynx (Gray),Gaming Consoles,79.99,249,257,Atari,7.5,203,11/12/2023,gray,20557.43
"NanoCell 90 (50"", Gray frame)",TVs,699,0,842,LG,8.7,668,6/16/2025,gray,588558
UNO Card Game (White),Toys,9.99,352,616,Mattel,8.75,488,10/31/2025,white,6153.84
Draycoll Recliner (White),Furniture,450,0,712,Ashley Furniture,8.35,560,12/11/2023,white,320400
M330 Silent Plus (Black),Mice,25.99,0,59,Logitech,8.75,48,11/22/2022,black,1533.41
"iPhone 12 (512GB, White)",Smartphones,749,0,536,Apple,8.3,408,6/7/2024,white,401464
HR3752 Blender (Black),Kitchen,150,0,80,Philips,8.7,56,6/22/2023,black,12000
"Mi 11 (1TB, Orange)",Smartphones,899,0,695,Xiaomi,8.5,557,3/5/2020,orange,624805
BlackWidow V3 (Red),Keyboards,139.99,,859,Razer,8.75,701,5/2/2021,red,120251.41
Galaxy Fit (Blue),Watches,99.99,484,101,Samsung,8.5,78,9/4/2022,blue,10098.99
"501 Shorts (Green, XXL)",Clothing,49.99,0,629,Levi's,8.75,500,9/25/2025,green,31443.71
Ideas Tree House (21318) (Orange),Toys,249.99,0,608,LEGO,9.5,487,1/4/2022,orange,151993.92
Caper Chair (Black),Furniture,345,480,150,Herman Miller,8.75,111,2/2/2020,black,51750
Cynosa Chroma (Gray),Keyboards,59.99,458,999,Razer,8.25,778,12/22/2024,gray,59930.01
"Galaxy S20 (256GB, Black)",Smartphones,699,455,324,Samsung,8.75,264,11/3/2021,black,226476
Vivoactive 4 (Orange),Watches,250,342,882,Garmin,,696,9/11/2021,orange,220500
"Pavilion 14 (256GB, White)",Laptops,650,0,711,HP,8.3,570,9/9/2025,white,462150
"ZenBook 14 UX425 (128GB, Purple)",Laptops,800,312,181,Asus,8.75,151,8/30/2025,purple,144800
Smart Oven Air (White),Kitchen,399.95,0,48,Breville,8.75,39,9/5/2022,white,19197.6
Viva (Black),Kitchen,119.99,52,477,Instant Pot,8.75,386,2/27/2020,black,57235.23
"iPhone 6S (256GB, Orange)",Smartphones,299,450,812,Apple,7.5,643,6/13/2025,orange,242788
Watch Series 8 (Red),Watches,399,2,966,Apple,9.2,758,9/24/2023,red,385434
"12 (1TB, Blue)",Smartphones,90,373,715,Xiaomi,8.25,559,6/8/2022,blue,64350
"Pro Tights (Gray, M)",Clothing,50,278,435,Nike,8.75,345,12/1/2025,gray,21750
"Bravia A8H (75"", Yellow frame)",TVs,3299,0,820,Sony,8.75,674,1/16/2021,yellow,2705180
"WH-XB900N (Wired, White)",Headphones,99.99,0,80,Sony,8.5,66,4/11/2021,red,7999.2
"Crewneck Sweatshirt (Blue, XS)",Clothing,19.99,114,438,H&M,7.5,364,12/18/2022,blue,8755.62
Hemnes TV Bench (Black),Furniture,179,0,814,IKEA,8.4,658,3/10/2020,black,145706
Pro 10-in-1 (Gray),Kitchen,129.99,448,934,Instant Pot,9.2,748,11/2/2022,gray,121410.66
Huntsman V2 Analog (Purple),Keyboards,249.99,464,233,Razer,8.75,181,10/17/2024,purple,58247.67
Ultra 10-in-1 (White),Kitchen,129.99,92,37,Instant Pot,8.85,30,10/2/2023,white,4809.63
"65S535 (65"", Brown frame)",TVs,799,315,328,TCL,8.65,275,3/25/2022,brown,262072
"Galaxy S8 (64GB, Gray)",Smartphones,200,0,803,Samsung,8,640,5/21/2024,gray,160600
Watch Series 2 (Blue),Watches,299,138,781,Apple,8.5,633,6/24/2022,blue,233519
Nomad (Purple),Gaming Consoles,150,344,11,Sega,7.5,10,5/13/2024,purple,1650
"iPad Air (2022) (64GB, Green)",Tablets,599,,845,Apple,9.3,653,3/30/2024,green,506155
G Pro Mechanical (White),Keyboards,129.99,392,18,Logitech,8.75,12,1/19/2021,white,2339.82
"12 (1TB, Purple)",Smartphones,120,398,963,Xiaomi,8.5,763,8/20/2023,purple,115560
Viper Mini (Brown),Mice,39.99,477,470,Razer,9,368,8/29/2022,brown,18795.3
M330 Silent Plus (Red),Mice,30,51,404,Logitech,8.75,308,5/26/2022,red,12120
Inspire 2 (Blue),Watches,199.95,306,255,Fitbit,8.5,206,8/1/2022,blue,50987.25
"Bravia X900H (65"", Blue frame)",TVs,1000,299,96,Sony,9,75,11/9/2023,blue,96000
"MacBook Pro 13 (2022) (1TB, Orange)",Laptops,1699,35,694,Apple,9.25,564,12/6/2021,orange,1179106
"ZoomX Vaporfly Next% (Black, EU 46)",Shoes,250,0,286,Nike,9.2,233,8/5/2023,black,71500
Little People Caring for Animals Farm (Purple),Toys,39.99,66,658,Fisher-Price,8.75,517,5/24/2022,purple,26313.42
"P20 Pro (1TB, Black)",Smartphones,1200,137,299,Huawei,8.35,245,10/5/2021,black,358800
"Classic Leather (Blue, EU 46)",Shoes,90,0,622,Reebok,8.5,499,3/1/2024,blue,55980
"70PUS6724 (75"", Purple frame)",TVs,1200,344,810,Philips,7.8,648,7/31/2025,purple,972000
"Basic Hoodie (White, XS)",Clothing,25,236,297,H&M,8.5,237,6/29/2024,white,7425
"AirPods Pro (1st generation) (Wireless, Brown)",Headphones,249,67,925,Apple,9.2,739,1/7/2024,brown,230325
"Tab P11 (64GB, Black)",Tablets,249.99,0,668,Lenovo,8.25,525,2/13/2022,black,166993.32
"Sportswear Club Fleece Joggers (Gray, XS)",Clothing,55,246,642,Nike,8.75,520,9/4/2025,gray,35310
"iPhone 14 (1TB, Orange)",Smartphones,1499,210,780,Apple,9,636,8/29/2021,orange,1169220
"Faux Leather Biker Jacket (Orange, XL)",Clothing,49.99,0,656,H&M,8.25,536,8/21/2024,orange,32793.44
"Surface Go (256GB, White)",Tablets,549.99,396,26,Microsoft,7.8,23,2/1/2024,white,14299.74
Wireless Mobile Mouse 4000 (Red),Mice,29.95,45,839,Microsoft,8.5,668,5/9/2023,red,25128.05
"Legion 7 (64GB, Red)",Laptops,3799,189,730,Lenovo,8.75,585,5/18/2024,red,2773270
Precision Mouse (Brown),Mice,49.99,164,581,Microsoft,8.75,469,4/1/2025,brown,29044.19
"iPhone 14 (64GB, Orange)",Smartphones,699,0,315,Apple,8.9,251,1/4/2020,orange,220185
"Superstar (White, EU 46)",Shoes,100,180,709,Adidas,8.95,566,8/23/2025,white,70900
"CX 400BT (Wireless, Red)",Headphones,129.95,266,865,Sennheiser,9,695,1/29/2020,red,112406.75
Huntsman Tournament Edition (Orange),Keyboards,129.99,91,4,Razer,8.75,3,11/18/2025,orange,519.96
Watch SE (Orange),Watches,279,0,483,Apple,8.75,384,8/2/2022,orange,134757
MX Master (Brown),Mice,99.99,191,698,Logitech,9.2,552,10/9/2022,brown,69793.02
Operation (Red),Toys,20,0,172,Hasbro,8.5,135,11/27/2024,red,3440
"327 (Brown, EU 38)",Shoes,140,0,803,New Balance,8.75,640,7/21/2025,brown,112420
Forerunner 945 (Brown),Watches,599.99,0,161,Garmin,9.2,127,6/8/2024,brown,96598.39
2600 (Black),Gaming Consoles,49.99,153,276,Atari,7.5,214,3/26/2022,black,13797.24
"Stan Smith (White, EU 40)",Shoes,95,0,111,Adidas,8.5,91,6/1/2025,white,10545
Infant to Toddler Rocker (Red),Toys,49.99,81,911,Fisher-Price,8.75,729,5/8/2022,red,45540.89
Magic Trackpad (Black),Mice,149,0,281,Apple,8.6,218,10/21/2025,black,41869
Modern Keyboard with Fingerprint ID (Gray),Keyboards,129.99,451,830,Microsoft,8.5,659,1/30/2024,gray,107891.7
"75PML9506 (75"", Brown frame)",TVs,1799,453,226,Philips,8.75,161,12/24/2024,brown,406574
7800 (White),Gaming Consoles,49.99,0,515,Atari,7.5,428,2/20/2024,white,25744.85
Star Wars Millennium Falcon (75192) (Brown),Toys,849.99,174,357,LEGO,9.5,279,3/31/2023,brown,303446.43
"UA Rush T-Shirt (Purple, XXL)",Clothing,40,500,855,Under Armour,8.5,667,8/29/2025,purple,34200
"Bravia A80J (43"", Black frame)",TVs,1299.99,426,93,Sony,8.75,72,2/3/2023,black,120899.07
Rival 3 (Black),Mice,29.99,431,73,SteelSeries,8.75,54,11/30/2022,black,2189.27
"3-Stripes Track Jacket (Green, XXL)",Clothing,75,80,636,Adidas,8.5,513,5/26/2023,green,47700
"Inspiron 14 5000 (256GB, Blue)",Laptops,650,215,761,Dell,8.5,613,7/27/2024,blue,494650
Setu Chair (Orange),Furniture,795,457,674,Herman Miller,9.3,551,12/9/2021,orange,535830
Magic Mouse 2 (Blue),Mice,79,0,709,Apple,8.75,561,6/6/2024,blue,56011
"Galaxy Tab S5e (1TB, Black)",Tablets,800,0,0,Samsung,8.5,0,8/24/2021,black,0
"SoundSport Wireless (Wired, Yellow)",Headphones,99.95,150,154,Bose,8.75,125,1/8/2025,red,15392.3
Monopoly Board Game (White),Toys,19.99,0,215,Hasbro,8.5,177,2/23/2021,white,4297.85
"NanoCell 90 (75"", Orange frame)",TVs,2000,167,345,LG,8.5,276,11/16/2024,orange,690000
Spiralizer Attachment (Blue),Kitchen,99.99,143,739,KitchenAid,9.25,578,12/21/2024,blue,73892.61
"5T (1TB, Blue)",Smartphones,499,405,136,OnePlus,8.75,100,4/23/2025,blue,67864
"CrossFit Nano 9 (White, EU 39)",Shoes,130,227,191,Reebok,8.75,159,6/19/2022,white,24830
2-Slice Toaster (Orange),Kitchen,49.99,272,166,KitchenAid,8.75,129,11/19/2022,orange,8298.34
"Club C 85 (Green, EU 44)",Shoes,75,0,352,Reebok,8.5,276,10/26/2022,green,26400
"Surface Pro X (256GB, Orange)",Tablets,1199,92,989,Microsoft,8.5,775,1/14/2024,orange,1185811
"iPhone XR (64GB, Green)",Smartphones,499,328,460,Apple,8.75,358,12/24/2024,green,229540
"Elite 85t (Wired, Purple)",Headphones,180,346,322,Jabra,8.7,257,12/5/2023,red,57960
"HD 560S (Wireless, White)",Headphones,199,15,848,Sennheiser,9.12,688,12/22/2020,white,168752
"The Frame LS03T (75"", Purple frame)",TVs,2999,0,934,Samsung,8.5,764,12/15/2023,purple,2801066
GameCube (Brown),Gaming Consoles,300,0,330,Nintendo,,261,11/13/2020,brown,99000
Avance Collection Indoor Grill (Black),Kitchen,250,53,259,Philips,8.75,211,11/26/2025,black,64750
"996 (Gray, EU 42)",Shoes,150,0,416,New Balance,8.5,322,10/16/2022,gray,62400
XXL Grill (Orange),Kitchen,299.99,0,984,Philips,8.75,822,4/6/2025,orange,295190.16
Foodi Digital Air Fry Oven (Purple),Kitchen,299,0,248,Ninja,9.2,194,4/26/2025,purple,74152
"Nova 9 (64GB, Yellow)",Smartphones,350,486,959,Huawei,7.8,754,2/4/2020,yellow,335650
"Galaxy Tab S6 (128GB, Blue)",Tablets,649.99,0,166,Samsung,8.75,134,3/28/2025,blue,107898.34
GameCube (Yellow),Gaming Consoles,150,353,263,Nintendo,8.5,211,8/16/2022,yellow,39450
"Trucker Jacket (White, XL)",Clothing,89.99,206,331,Levi's,8.75,259,5/4/2020,white,29786.69
Mighty Mouse (White),Mice,49,483,900,Apple,7.5,702,12/2/2022,white,44100
MARQ Athlete (Purple),Watches,1500,117,542,Garmin,8.5,430,2/17/2021,purple,813000
Foodi Grill (White),Kitchen,229.99,465,277,Ninja,9.2,215,3/29/2023,white,63707.23
Malm Bed Frame (Blue),Furniture,249,178,525,IKEA,8.3,444,4/8/2022,blue,130725
HD2137 Pressure Cooker (Gray),Kitchen,89.99,0,670,Philips,8.75,524,5/15/2022,gray,60293.3
F-91W (Orange),Watches,18,335,959,Casio,8.5,780,4/12/2020,orange,17262
Pro Type Ultra (Purple),Keyboards,159.99,221,800,Razer,8.7,637,3/23/2020,purple,127992
"Suede Classic (Black, EU 38)",Shoes,65,144,443,Puma,8.5,341,11/26/2024,black,28795
Classic IntelliMouse (White),Mice,25,333,312,Microsoft,8.5,251,3/9/2020,white,7800
Kinetic Sand (Black),Toys,14.99,0,74,Spin Master,8.75,51,1/4/2024,black,1109.26
Huntsman Tournament Edition (Green),Keyboards,129.99,0,219,Razer,8.75,173,2/7/2022,green,28467.81
MX Master (Red),Mice,99.99,469,577,Logitech,9.5,458,9/22/2021,red,57694.23
"AirPods (2nd generation) (Wireless, Brown)",Headphones,129,496,347,Apple,8.75,278,6/13/2024,brown,44763
"Court Victory Skirt (Brown, L)",Clothing,65,0,13,Nike,8.75,12,9/28/2025,brown,845
Embody Chair (Black),Furniture,1795,322,156,Herman Miller,9.5,123,7/1/2022,black,280020
Pico (Blue),Gaming Consoles,150,3,356,Sega,7.5,276,6/3/2021,blue,53400
"Curry Basketball Jersey (White, XXL)",Clothing,120,375,823,Under Armour,8.75,649,7/13/2025,white,98760
Surface Keyboard (Red),Keyboards,89.99,17,994,Microsoft,8.45,799,6/2/2021,red,89450.06
"Stan Smith (Blue, EU 39)",Shoes,100,119,85,Adidas,8.75,68,8/23/2021,blue,8500
Magic Mouse 2 (Green),Mice,79,367,653,Apple,,505,2/16/2021,green,51587
Sensei 310 (Blue),Mice,49.99,228,586,SteelSeries,8.75,488,2/19/2025,blue,29294.14
Naga Trinity (Orange),Mice,99.99,460,627,Razer,8.75,503,5/7/2020,orange,62693.73
"OLED A1 (75"", Blue frame)",TVs,1799,335,849,LG,8.75,707,7/27/2022,blue,1527351
2600 (Blue),Gaming Consoles,50,107,123,Atari,8.5,103,10/26/2024,blue,6150
"IE 80 S (Wireless, Gray)",Headphones,199.95,24,748,Sennheiser,8.75,592,12/18/2023,gray,149562.6
"ROG Strix Scar 15 (256GB, Orange)",Laptops,2199,169,949,Asus,9.2,760,2/11/2023,orange,2086851
G613 Wireless (Orange),Keyboards,70,0,42,Logitech,8.75,37,7/18/2023,orange,2940
Master System (Green),Gaming Consoles,150,103,774,Sega,7.5,607,5/19/2025,green,116100
Foodi Digital Air Fry Oven (Gray),Kitchen,229.99,310,670,Ninja,8.75,543,4/18/2025,gray,154093.3
"Future Rider (Red, EU 40)",Shoes,90,262,354,Puma,8.5,294,9/27/2024,red,31860
"Yeezy 700 (Orange, EU 44)",Shoes,300,197,441,Adidas,8.5,353,9/6/2020,orange,132300
Air Fryer AF101 (Green),Kitchen,99.99,0,139,Ninja,8.75,103,9/2/2022,green,13898.61
Baby's First Blocks (Black),Toys,12.99,0,648,Fisher-Price,9.3,507,12/11/2021,black,8417.52
Hot Wok Pro (White),Kitchen,129.99,31,245,Breville,8.75,198,4/25/2022,white,31847.55
Master System (Blue),Gaming Consoles,120,46,529,Sega,7.5,436,3/12/2020,blue,63480
"4-Series 55S435 (50"", Orange frame)",TVs,320,242,320,TCL,8.3,248,11/6/2023,orange,102400
"EliteBook 840 G6 (128GB, Orange)",Laptops,1200,0,12,HP,8.5,9,2/21/2024,orange,14400
Classic IntelliMouse (Orange),Mice,39.99,240,901,Microsoft,8.5,753,5/17/2023,orange,36030.99
Wii (Black),Gaming Consoles,180,189,133,Nintendo,8.75,110,5/9/2020,black,23940
Paw Patrol Mighty Lookout Tower (Gray),Toys,99.99,189,797,Spin Master,8.7,617,7/30/2021,gray,79692.03
"QN85A Neo QLED (65"", Green frame)",TVs,1499,103,526,Samsung,8.75,431,8/26/2021,green,788474
"Pro HyperWarm Top (Green, L)",Clothing,60,227,272,Nike,8.75,209,1/16/2021,green,16320
"iPhone X (64GB, Purple)",Smartphones,499,0,91,Apple,8.5,79,5/30/2025,purple,45409
"iPhone XR (64GB, Yellow)",Smartphones,499,0,449,Apple,8.7,358,2/9/2025,yellow,224051
"NMD R1 (Brown, EU 46)",Shoes,130,0,87,Adidas,8.75,67,2/26/2021,brown,11310
"992 (Purple, EU 42)",Shoes,175,350,907,New Balance,9.2,737,4/29/2020,purple,158725
Natural Ergonomic Keyboard 4000 (Brown),Keyboards,50,458,674,Microsoft,8.5,525,10/16/2024,brown,33700
"Bravia X900H (50"", Green frame)",TVs,849.99,200,58,Sony,8.75,41,1/11/2021,green,49299.42
Magic Mouse (Late 2022) (Blue),Mice,99,54,613,Apple,8.5,497,1/3/2022,blue,60687
BCI600XL Smart Scoop (Green),Kitchen,299.95,15,520,Breville,8.75,410,11/18/2021,green,155974
"MatePad Paper (128GB, Green)",Tablets,499,92,225,Huawei,8.3,176,4/19/2025,green,112275
Kinect (Red),Gaming Consoles,149.99,483,733,Microsoft,,578,3/29/2023,red,109942.67
"Bravia X950H (50"", Blue frame)",TVs,999.99,315,353,Sony,8.75,285,2/16/2021,blue,352996.47
Master System (Yellow),Gaming Consoles,120,0,348,Sega,8,276,7/22/2025,yellow,41760
"XPS 15 (9500) (128GB, Blue)",Laptops,1200,,109,Dell,8.75,76,12/1/2022,blue,130800
"Air Force 1 (Yellow, EU 42)",Shoes,120,270,414,Nike,9.2,331,8/2/2021,yellow,49680
"5-Series S546 (43"", Gray frame)",TVs,350,266,656,TCL,8.4,512,4/23/2025,gray,229600
Apex Pro Mini (Orange),Keyboards,179.99,134,729,SteelSeries,9.2,585,5/29/2021,orange,131212.71
"Elite 45h (Wireless, Brown)",Headphones,99.99,228,290,Jabra,8.6,230,3/18/2020,brown,28997.1
"Fresh Foam 1080 (Purple, EU 39)",Shoes,160,0,945,New Balance,8.75,746,3/8/2024,purple,151200
Pro Line Series Blender (Black),Kitchen,599.99,147,381,KitchenAid,9.25,300,9/7/2025,black,228596.19
K65 RGB Mini (Orange),Keyboards,109.99,0,921,Corsair,8.75,723,6/2/2020,orange,101300.79
"MatePad Pro 12.6 (128GB, Yellow)",Tablets,779,214,454,Huawei,8.5,361,10/1/2022,yellow,353666
Artisan Stand Mixer (Black),Kitchen,449.99,474,813,KitchenAid,,650,11/15/2021,black,365841.87
Atheris (Brown),Mice,49.99,303,104,Razer,8.3,79,8/31/2024,brown,5198.96
BlackWidow Lite (Green),Keyboards,89.99,0,181,Razer,8.75,148,7/9/2024,green,16288.19
"Pavilion 14 (1TB, White)",Laptops,750,57,17,HP,7.5,14,1/9/2022,white,12750
Architecture Statue of Liberty (21042) (Brown),Toys,119.99,0,82,LEGO,8.75,69,9/30/2022,brown,9839.18
Versa (Red),Watches,199.95,241,689,Fitbit,8.75,556,5/2/2022,red,137765.55
Mirra 2 Chair (Green),Furniture,1495,0,449,Herman Miller,9.25,348,4/16/2021,green,671255
"6T (64GB, Blue)",Smartphones,299,311,100,OnePlus,8.5,79,9/26/2025,blue,29900
VCS (2021) (Brown),Gaming Consoles,299.99,0,151,Atari,7.5,118,4/22/2020,brown,45298.49
XEGS (Orange),Gaming Consoles,150,489,817,Atari,7.5,652,3/8/2020,orange,122550
HD9650/99 Premium Airfryer (Yellow),Kitchen,299.99,75,274,Philips,8.75,225,7/23/2024,yellow,82197.26
"Blazer Mid '77 (Brown, EU 44)",Shoes,110,183,201,Nike,8.75,168,7/3/2020,brown,22110
Max (Red),Kitchen,129.99,0,70,Instant Pot,8.75,54,12/19/2020,red,9099.3
Venu (Brown),Watches,349.99,303,502,Garmin,8.75,409,11/23/2023,brown,175694.98
Basilisk V3 (Orange),Mice,69.99,0,809,Razer,9.2,643,10/15/2025,orange,56621.91
Pro 10-in-1 (Yellow),Kitchen,129.99,96,142,Instant Pot,8.75,124,12/6/2023,yellow,18458.58
"Yoga Slim 7 (512GB, Gray)",Laptops,950,341,432,Lenovo,8.7,350,2/17/2024,gray,410400
North Avenue Desk (Purple),Furniture,250,0,648,Sauder,7.85,537,4/24/2025,purple,162000
North Avenue Desk (Yellow),Furniture,179.99,414,658,Sauder,7.85,522,7/29/2020,yellow,118433.42
"MediaPad M6 (128GB, Black)",Tablets,350,222,509,Huawei,8.4,405,10/21/2025,black,178150
Smart Oven Air (Blue),Kitchen,399.95,255,36,Breville,,32,5/7/2022,blue,14398.2
"Mate 40 (128GB, Purple)",Smartphones,699,0,649,Huawei,8.5,533,1/9/2025,purple,453651
"MacBook Air M2 (2022) (512GB, Red)",Laptops,1399,0,869,Apple,9.3,690,4/22/2023,red,1215731
"iPad (2018) (128GB, Red)",Tablets,349,113,946,Apple,,762,9/2/2025,red,330154
"MatePad T10s (64GB, Yellow)",Tablets,180,0,307,Huawei,7.5,245,4/21/2024,yellow,55260
"CrossFit Nano 9 (White, EU 46)",Shoes,130,289,475,Reebok,8.75,382,10/9/2025,white,61750
"ThinkPad X12 Detachable (256GB, White)",Tablets,1200,432,330,Lenovo,8.5,262,2/24/2024,white,396000
All-in-One Media Keyboard (Green),Keyboards,39.99,66,750,Microsoft,8.5,609,12/23/2024,green,29992.5
PSX (Orange),Gaming Consoles,200,169,386,Sony,8.5,304,9/8/2024,orange,77200
"NanoCell 90 (50"", Red frame)",TVs,900,410,189,LG,8.5,150,12/1/2020,red,170100
Rival 600 (Orange),Mice,79.99,283,447,SteelSeries,9.2,359,8/11/2024,orange,35755.53
"Sportswear Tech Fleece Pants (Purple, S)",Clothing,110,397,993,Nike,8.75,807,1/10/2022,purple,109230
"Galaxy S20 (128GB, White)",Smartphones,699,460,943,Samsung,,776,3/19/2024,white,659157
"IdeaPad Flex 5 (1TB, Purple)",Laptops,750,423,281,Lenovo,8.5,221,1/6/2024,purple,210750
Jaguar (Purple),Gaming Consoles,45,242,338,Atari,7.5,253,11/28/2023,purple,15210
"Instapump Fury (Red, EU 40)",Shoes,180,0,967,Reebok,8.5,778,7/4/2023,red,174060
Huntsman Tournament Edition (Green),Keyboards,129.99,0,219,Razer,8.75,182,2/7/2022,green,28467.81
"WH-1000XM3 (Wireless, Purple)",Headphones,280,426,998,Sony,9.2,778,11/11/2020,purple,279440
Game Gear (Gray),Gaming Consoles,100,82,727,Sega,8.5,578,10/26/2022,gray,72700
"5-Series S546 (65"", Purple frame)",TVs,700,397,286,TCL,8.5,227,7/19/2020,purple,200200
Harry Potter Hogwarts Castle (71043) (Green),Toys,470,259,561,LEGO,9.5,443,9/5/2021,green,263670
PS TV (Gray),Gaming Consoles,100,432,625,Sony,7.5,487,1/29/2020,gray,62500
"Linen Blend Shirt (White, L)",Clothing,29.99,49,994,H&M,8.2,774,3/25/2024,white,29810.06
VCS (2021) (Orange),Gaming Consoles,299.99,463,558,Atari,7.5,449,4/16/2023,orange,167394.42
Pro 10-in-1 (Purple),Kitchen,129.99,328,291,Instant Pot,9.15,239,3/20/2024,purple,37827.09
"9 (256GB, Purple)",Smartphones,799,409,115,OnePlus,8.5,98,10/12/2022,purple,91885
Chaliene Sofa (Blue),Furniture,499,14,995,Ashley Furniture,8.5,795,11/25/2025,blue,496505
"Urbanite XL (Wired, Gray)",Headphones,129,0,110,Sennheiser,8.6,80,10/11/2025,red,14190
"MatePad T10 (512GB, Yellow)",Tablets,200,220,426,Huawei,7.5,349,2/11/2022,yellow,85200
"Floatride Run (Red, EU 40)",Shoes,120,313,707,Reebok,8.5,573,10/14/2020,red,84840
Duo 7-in-1 (Red),Kitchen,89.99,500,804,Instant Pot,9.3,661,1/22/2022,red,72351.96
Xbox One S (Orange),Gaming Consoles,299,480,867,Microsoft,8.75,693,6/20/2022,orange,259233
Ultra 10-in-1 (Green),Kitchen,129.99,227,677,Instant Pot,8.75,529,11/21/2023,green,88003.23
Brilliant Basics Corn Popper (Yellow),Toys,12.99,229,826,Fisher-Price,8.5,644,5/17/2024,yellow,10729.74
BCI600XL Smart Scoop (Blue),Kitchen,250,399,423,Breville,8.75,342,4/21/2021,blue,105750
"RS-X3 (Green, EU 40)",Shoes,110,0,262,Puma,8.2,224,1/23/2021,green,28820
"Bravia A90J (65"", Red frame)",TVs,2999,0,446,Sony,9.2,349,9/1/2021,red,1337554
NES (Red),Gaming Consoles,150,0,868,Nintendo,8.5,700,12/10/2024,red,130200
"505 Regular Jeans (Gray, XS)",Clothing,69.5,0,242,Levi's,8.65,182,5/14/2020,gray,16819
Mirra 2 Chair (Purple),Furniture,1495,334,782,Herman Miller,9.2,631,4/20/2023,purple,1169090
Galaxy Watch 4 (Purple),Watches,199,433,856,Samsung,8.5,692,4/14/2023,purple,170344
"75R635 (50"", White frame)",TVs,599,0,234,TCL,8.6,185,7/2/2021,white,140166
"MDR-1AM2 (Wireless, Yellow)",Headphones,249.99,290,678,Sony,8.75,542,11/18/2025,yellow,169493.22
Bjursta Extendable Table (Orange),Furniture,249,0,176,IKEA,8.25,142,8/2/2025,orange,43824
Galaxy Watch Active (Brown),Watches,249.99,0,961,Samsung,8.5,764,4/4/2023,brown,240240.39
Wireless Mouse 900 (Gray),Mice,29.99,324,439,Microsoft,8.5,359,11/28/2021,gray,13165.61
"Chromebook Flip C434 (1TB, Blue)",Laptops,650,136,860,Asus,8.5,686,10/29/2023,blue,559000
Saturn (Orange),Gaming Consoles,150,0,285,Sega,8.5,231,11/13/2020,orange,42750
"The Frame LS03T (50"", Black frame)",TVs,1099.99,405,29,Samsung,8.75,25,7/17/2021,black,31899.71
"Yeezy Boost 350 V2 (Black, EU 38)",Shoes,230,226,712,Adidas,8.75,554,1/26/2022,black,163760
"Bravia X95J (50"", Orange frame)",TVs,1399,30,183,Sony,8.7,145,8/2/2025,orange,256017
"SoundLink Around-Ear II (Wireless, Orange)",Headphones,229,131,790,Bose,8.75,621,1/12/2022,orange,180910
"Future Rider (Blue, EU 42)",Shoes,90,395,738,Puma,8.5,598,3/4/2022,blue,66420
"iPhone 6 (1TB, Gray)",Smartphones,499,0,905,Apple,8,741,11/9/2024,gray,451595
"SoundTrue Ultra (Wired, Orange)",Headphones,129.95,0,748,Bose,8.75,606,4/6/2020,red,97202.6
Baby Learning Table (Black),Toys,40,295,167,Fisher-Price,9.2,135,11/2/2020,black,6680
"5 (256GB, Green)",Smartphones,699,0,272,OnePlus,8.5,210,7/25/2021,green,190128
"iPad Air (2022) (256GB, Red)",Tablets,749,0,594,Apple,9.3,478,10/26/2025,red,444906
"Floatride Run (Gray, EU 39)",Shoes,120,0,903,Reebok,8.25,715,5/18/2021,gray,108360
Three Posts Reistville Panel Bed (Brown),Furniture,350,475,393,Wayfair,8.2,313,1/1/2021,brown,137550
"Mate 20 (128GB, Brown)",Smartphones,250,403,871,Huawei,8.2,710,6/29/2024,brown,217750
"MacBook Air (2017) (256GB, Gray)",Laptops,450,0,759,Apple,,586,2/2/2025,gray,341550
7800 (Purple),Gaming Consoles,49.99,0,10,Atari,7.5,8,12/23/2020,purple,499.9
Approach S62 (Orange),Watches,499.99,242,883,Garmin,8.75,724,7/25/2020,orange,441491.17
"Galaxy S22 (256GB, Yellow)",Smartphones,849,106,972,Samsung,8.9,781,8/6/2023,yellow,825228
"Bravia X80J (50"", Black frame)",TVs,599,44,756,Sony,8.5,609,6/9/2025,black,452844
Rival 710 (Brown),Mice,99.99,429,278,SteelSeries,8.75,210,9/26/2020,brown,27797.22
"Surface Pro 6 (512GB, Red)",Tablets,1200,0,153,Microsoft,8.5,126,6/30/2021,red,183600
Watch Series 5 (Purple),Watches,399,289,947,Apple,8.5,775,12/8/2021,purple,377853
"Originals Trefoil Hoodie (Orange, XXL)",Clothing,70,117,150,Adidas,8.65,124,1/30/2023,orange,10500
"Momentum 3 Wireless (Wireless, Yellow)",Headphones,399.95,296,210,Sennheiser,8.75,166,2/17/2022,yellow,83989.5
"Essentials Hoodie (Brown, L)",Clothing,75,493,85,Adidas,8.5,70,5/10/2021,brown,6375
"Momentum 3 Wireless (Wired, Purple)",Headphones,349.99,30,50,Sennheiser,8.7,39,7/23/2020,red,17499.5
Gear Fit2 Pro (Red),Watches,149.99,95,633,Samsung,8.5,508,5/2/2020,red,94943.67
"WH-XB900N (Wired, Purple)",Headphones,149.99,411,544,Sony,8.3,429,7/8/2025,red,81594.56
Wireless Mobile Mouse 1850 (Gray),Mice,14.99,305,934,Microsoft,8.5,750,12/2/2025,gray,14000.66
"Ignite (Yellow, EU 44)",Shoes,120,411,105,Puma,8.75,78,8/7/2021,yellow,12600
"Surface Go (512GB, Orange)",Tablets,699,0,291,Microsoft,8.2,233,11/10/2023,orange,203409
"OLED B1 (75"", Purple frame)",TVs,2299,327,491,LG,8.5,405,3/23/2025,purple,1128809
"XPS 13 (9370) (512GB, Gray)",Laptops,1200,0,558,Dell,8.5,465,7/17/2020,gray,669600
"Yoga Tab 13 (64GB, Gray)",Tablets,679.99,268,390,Lenovo,8.5,298,4/11/2021,gray,265196.1
Panini Duo (White),Kitchen,79.99,0,844,Breville,8.5,658,1/16/2025,white,67511.56
"Bravia Z9F (50"", Red frame)",TVs,2499.99,0,584,Sony,9,465,9/30/2021,red,1459994.16
Daily Collection Kettle (Green),Kitchen,25.99,299,913,Philips,8.2,737,2/13/2020,green,23728.87
"Spectre x360 15 (64GB, Black)",Laptops,1800,0,337,HP,8.5,272,4/19/2023,black,606600
"QN85A Neo QLED (55"", Gray frame)",TVs,1399.99,147,852,Samsung,8.75,679,7/15/2023,gray,1192791.48
"Bravia X90J (55"", Yellow frame)",TVs,1199,320,90,Sony,8.75,74,1/9/2021,yellow,107910
Galaxy Fit (Yellow),Watches,79.99,491,245,Samsung,8.2,187,1/20/2022,yellow,19597.55
"iPhone 12 (512GB, Blue)",Smartphones,849,167,403,Apple,8.75,328,6/2/2020,blue,342147
"ThinkPad X12 Detachable (128GB, Brown)",Tablets,1100,6,23,Lenovo,8.5,20,4/19/2021,brown,25300
Lynx (Black),Gaming Consoles,199.99,0,690,Atari,8.25,560,1/27/2025,black,137993.1
"Mi 8 (512GB, Black)",Smartphones,450,440,589,Xiaomi,8.2,454,1/11/2024,black,265050
"ROG Strix Scar 15 (512GB, Brown)",Laptops,2000,320,615,Asus,8.5,491,3/5/2025,brown,1230000
"501 Original Jeans (Green, S)",Clothing,69.5,244,703,Levi's,8.75,564,11/26/2020,green,48858.5
"VivoBook 15 X512 (64GB, White)",Laptops,650,11,177,Asus,8.5,139,12/28/2025,white,115050
"P40 (512GB, Black)",Smartphones,899,373,460,Huawei,8.5,373,12/30/2024,black,413540
MX Keys (Black),Keyboards,119.99,0,943,Logitech,9.2,758,1/8/2021,black,113150.57
"Air Max 270 (Black, EU 39)",Shoes,150,452,860,Nike,8.75,687,4/8/2020,black,129000
K65 RGB Mini (Red),Keyboards,109.99,0,293,Corsair,8.75,241,9/2/2020,red,32227.07
Pro Trek PRG-600 (Purple),Watches,350,451,780,Casio,8.45,619,7/22/2025,purple,273000
"7 Pro (128GB, White)",Smartphones,499,477,646,OnePlus,8.5,509,1/8/2020,white,322354
Nomad (Red),Gaming Consoles,200,352,870,Sega,8.5,689,3/5/2024,red,174000
"iPad (2017) (1TB, Brown)",Tablets,999,421,450,Apple,8.75,348,11/17/2024,brown,449550
"7T (64GB, Yellow)",Smartphones,399,430,682,OnePlus,8.75,550,12/15/2025,yellow,272118
"Galaxy S10 (64GB, Yellow)",Smartphones,450,373,270,Samsung,8.5,202,5/5/2022,yellow,121500
Polly Pocket (Green),Toys,15.99,336,707,Mattel,8.5,567,7/13/2022,green,11304.93
Lark Manor End Table (Red),Furniture,75,100,637,Wayfair,8.25,537,2/26/2020,red,47775
"Dri-FIT T-Shirt (Green, M)",Clothing,30,205,670,Nike,,536,1/4/2022,green,20100
City Police Station (60141) (Purple),Toys,99.99,410,781,LEGO,8.75,620,4/12/2023,purple,78092.19
G613 Wireless (Red),Keyboards,99.99,9,872,Logitech,8.6,720,12/31/2025,red,87191.28
"MacBook Pro 13 (2022) (1TB, Purple)",Laptops,1899,0,915,Apple,9.2,718,8/30/2022,purple,1737585
Galaxy Watch 4 (White),Watches,250,46,765,Samsung,8.75,604,12/20/2025,white,191250
Lack Coffee Table (Purple),Furniture,40,482,275,IKEA,7.85,200,1/12/2020,purple,11000
Naga Trinity (Purple),Mice,99.99,309,318,Razer,8.5,253,4/19/2024,purple,31796.82
"501 Shorts (Brown, L)",Clothing,69.5,0,794,Levi's,8.75,652,3/5/2021,brown,55183
"Alienware m15 R3 (128GB, Blue)",Laptops,1800,0,438,Dell,8.75,367,8/18/2024,blue,788400
Palladia Armoire (Blue),Furniture,350,232,180,Sauder,8.5,135,8/23/2020,blue,63000
"11T (1TB, Gray)",Smartphones,699,360,723,Xiaomi,8.5,566,9/13/2023,gray,505377
"iPad Air (2022) (128GB, Yellow)",Tablets,599,375,649,Apple,9.2,513,1/8/2025,yellow,388751
Monster Jam RC (Yellow),Toys,49.99,488,443,Spin Master,8.75,365,1/20/2020,yellow,22145.57
Atheris (Gray),Mice,49.99,41,846,Razer,8.75,666,3/6/2021,gray,42291.54
K63 Wireless (Black),Keyboards,110,478,308,Corsair,8.5,253,4/10/2022,black,33880
"Classic Leather (White, EU 44)",Shoes,75,440,500,Reebok,8.5,405,12/15/2020,white,37500
Watch Series 5 (Gray),Watches,399,137,107,Apple,8.75,78,2/23/2022,gray,42693
DeathAdder Essential (Green),Mice,29.99,0,25,Razer,8.5,19,4/25/2025,green,749.75
Pro 10-in-1 (Black),Kitchen,129.99,0,715,Instant Pot,9.2,571,4/11/2023,black,92942.85
"501 Original Jeans (Green, L)",Clothing,79.5,134,878,Levi's,8.7,705,8/17/2021,green,69801
"Galaxy S21 (512GB, Gray)",Smartphones,999,0,495,Samsung,8.75,385,1/6/2021,gray,494505
"8-Series Q825 (55"", Green frame)",TVs,999,0,729,TCL,8.65,589,7/3/2022,green,728271
Chaliene Sofa (White),Furniture,799,429,254,Ashley Furniture,8.5,203,2/14/2023,white,202946
Galaxy Fit (Yellow),Watches,79.99,491,245,Samsung,8.2,202,1/20/2022,yellow,19597.55
"PXC 550 (Wireless, Yellow)",Headphones,299.95,0,215,Sennheiser,8.75,177,5/14/2022,yellow,64489.25
Flashback Portable (Purple),Gaming Consoles,49.99,74,602,Atari,7.8,491,10/4/2023,purple,30093.98
"ZenBook Pro Duo 15 (256GB, Gray)",Laptops,2000,0,93,Asus,8.5,71,1/27/2023,gray,186000
Andover Mills Bookcase (Red),Furniture,150,437,127,Wayfair,8.45,97,11/24/2025,red,19050
Game Boy Advance (Red),Gaming Consoles,80,494,394,Nintendo,9,326,1/31/2023,red,31520
"XPS 17 (9700) (512GB, Red)",Laptops,2099,143,933,Dell,8.5,773,7/23/2023,red,1958367
"992 (Brown, EU 42)",Shoes,185,286,926,New Balance,9.2,738,12/21/2020,brown,171310
"MediaPad T5 (1TB, Blue)",Tablets,250,282,546,Huawei,7.8,426,7/3/2024,blue,136500
"XPS 17 (9700) (1TB, Blue)",Laptops,2499.99,0,716,Dell,,568,7/14/2022,blue,1789992.84
"Launch SW 7"" Shorts (Black, XXL)",Clothing,35,329,728,Under Armour,8.75,589,11/14/2024,black,25480
Galaxy Watch 3 (Blue),Watches,249.99,393,927,Samsung,8.5,742,8/7/2020,blue,231740.73
"iPhone XR (128GB, Gray)",Smartphones,499,0,519,Apple,8.75,412,12/25/2020,gray,258981
Computer Desk (Red),Furniture,150,381,655,Sauder,8.25,530,4/11/2022,red,98250
Pax Wardrobe (Orange),Furniture,450,0,300,IKEA,8.5,240,3/29/2022,orange,135000
Lark Manor End Table (Purple),Furniture,120,486,784,Wayfair,8.5,620,7/15/2024,purple,94080
"WF-1000XM3 (Wired, Orange)",Headphones,150,271,572,Sony,8.75,439,10/1/2024,red,85800
"990v5 (Blue, EU 39)",Shoes,185,192,510,New Balance,9.2,402,5/15/2023,blue,94350
"Galaxy Tab S6 (64GB, Red)",Tablets,350,432,429,Samsung,8.5,355,9/18/2024,red,150150
Ideas Tree House (21318) (White),Toys,199.99,0,393,LEGO,9.25,310,6/29/2025,white,78596.07
Master Prep Professional (Yellow),Kitchen,59.99,0,357,Ninja,8.5,298,4/24/2023,yellow,21416.43
Monster Jam RC (Orange),Toys,39.99,0,24,Spin Master,8.75,21,6/17/2025,orange,959.76
Switch (White),Gaming Consoles,299.99,98,197,Nintendo,9.5,162,10/7/2022,white,59098.03
Ninjago City (70620) (Black),Toys,299.99,108,882,LEGO,9.5,699,5/28/2023,black,264591.18
Wireless Mobile Mouse 1850 (Green),Mice,14.99,0,786,Microsoft,8.5,619,6/27/2024,green,11782.14
Apex M800 (Orange),Keyboards,140,0,720,SteelSeries,8.75,562,12/29/2021,orange,100800
"Superstar (Orange, EU 42)",Shoes,85,142,908,Adidas,,718,4/8/2021,orange,77180
"React Infinity Run (Brown, EU 42)",Shoes,160,0,470,Nike,8.75,354,7/5/2022,brown,75200
Scrabble (Purple),Toys,19.99,0,606,Mattel,8.45,501,9/5/2021,purple,12113.94
"Essentials Hoodie (Brown, S)",Clothing,70,0,388,Adidas,8.75,312,4/7/2024,brown,27160
Air Fryer AF101 (Black),Kitchen,129.99,26,979,Ninja,9.05,769,10/24/2025,black,127260.21
"Slim Fit Suit Pants (White, M)",Clothing,49.99,0,433,H&M,8.2,341,8/1/2024,white,21645.67
"Beats Flex (Wireless, Green)",Headphones,69.95,433,163,Apple,8.25,127,8/30/2023,green,11401.85
Battleship (Brown),Toys,19.99,131,77,Hasbro,8.5,66,3/27/2020,brown,1539.23
"iPhone 6S (128GB, Green)",Smartphones,299,52,679,Apple,7.5,528,8/12/2020,green,203021
"Galaxy Tab A7 (512GB, White)",Tablets,250,196,550,Samsung,8.5,431,10/10/2022,white,137500
Aerox 5 Wireless (Red),Mice,139.99,426,35,SteelSeries,9,24,7/13/2023,red,4899.65
Wireless Mouse 900 (Black),Mice,25.99,296,772,Microsoft,8.45,606,4/8/2024,black,20064.28
MX Keys (Brown),Keyboards,119.99,468,435,Logitech,9.25,341,10/6/2025,brown,52195.65
Gear S3 Frontier (Brown),Watches,299.99,365,412,Samsung,8.7,328,10/16/2025,brown,123595.88
ST (Black),Gaming Consoles,59.99,23,716,Atari,7.5,570,5/12/2024,black,42952.84
"Legion 5 (512GB, Black)",Laptops,899,327,178,Lenovo,8.5,140,2/25/2022,black,160022
"Crewneck Sweatshirt (White, XS)",Clothing,19.99,0,0,H&M,8.15,0,9/7/2020,white,0
Soup Maker (Yellow),Kitchen,120,0,486,Philips,8.25,396,4/10/2023,yellow,58320
"Nano X (Orange, EU 46)",Shoes,130,420,778,Reebok,8.75,624,5/4/2025,orange,101140
Duo Crisp + Air Fryer (Black),Kitchen,149.99,334,265,Instant Pot,8.75,213,2/5/2023,black,39747.35
Gear S3 Frontier (Black),Watches,199.99,0,177,Samsung,8.75,147,9/14/2022,black,35398.23
"VivoBook S15 (64GB, Red)",Laptops,750,0,33,Asus,8.5,26,6/17/2023,red,24750
Greyleigh Coffee Table (Orange),Furniture,150,226,571,Wayfair,8.25,463,4/28/2021,orange,85650
Prime Wireless (Black),Mice,139.99,0,809,SteelSeries,9.2,636,6/15/2025,black,113251.91
"WF-C500 (Wired, Yellow)",Headphones,49.99,135,243,Sony,8.75,194,8/25/2021,red,12147.57
Pro Line Series Blender (Green),Kitchen,499.99,0,703,KitchenAid,9.25,570,9/22/2020,green,351492.97
"1080v11 (Blue, EU 46)",Shoes,159.99,0,792,New Balance,9.2,638,1/14/2023,blue,126712.08
Xbox (Brown),Gaming Consoles,499.99,189,562,Microsoft,8.75,447,12/13/2022,brown,280994.38
32X (Green),Gaming Consoles,60,4,241,Sega,5.5,194,5/13/2020,green,14460
"Bravia X80J (75"", Orange frame)",TVs,1499,319,777,Sony,8.7,633,9/22/2022,orange,1164723
Xbox 360 Arcade (Yellow),Gaming Consoles,50,131,638,Microsoft,7.25,499,5/17/2025,yellow,31900
Panini Duo (Green),Kitchen,120,181,31,Breville,8.75,22,6/10/2024,green,3720
"IdeaPad Duet Chromebook (256GB, Red)",Tablets,299,155,662,Lenovo,8.5,517,2/23/2025,red,197938
Designer Compact Keyboard (Black),Keyboards,79.99,0,152,Microsoft,8.5,109,2/25/2021,black,12158.48
"Dri-FIT T-Shirt (Purple, XS)",Clothing,25,329,838,Nike,8.5,666,6/28/2022,purple,20950
Viva Collection Juicer (Brown),Kitchen,130,0,336,Philips,8.75,274,3/29/2025,brown,43680
"G5 15 (1TB, Brown)",Laptops,1200,7,758,Dell,8.4,614,6/30/2020,brown,909600
Viper Ultimate (Blue),Mice,149.99,48,178,Razer,9.25,145,1/7/2020,blue,26698.22
"WF-C500 (Wireless, Gray)",Headphones,79.99,131,369,Sony,8.5,292,11/19/2023,gray,29516.31
"55OLED806 (43"", Yellow frame)",TVs,1200,140,759,Philips,8.75,610,5/7/2021,yellow,910800
Wii U (Blue),Gaming Consoles,250,0,154,Nintendo,8.5,132,1/30/2025,blue,38500
Baby Learning Table (Green),Toys,49.99,499,922,Fisher-Price,8.75,743,7/21/2021,green,46090.78
G-Shock GA2100 (Yellow),Watches,99,25,178,Casio,8.4,144,12/24/2020,yellow,17622
"Latitude 7400 (256GB, Black)",Laptops,1200,0,361,Dell,8.5,295,6/11/2021,black,433200
Wired Keyboard 600 (Green),Keyboards,25,283,600,Microsoft,8.5,477,4/28/2025,red,15000
Flashback 8 (Orange),Gaming Consoles,49.99,0,378,Atari,7.5,297,12/31/2025,orange,18896.22
"MediaPad M5 (512GB, Green)",Tablets,350,354,149,Huawei,8,124,4/22/2020,green,52150
Magic Trackpad (2021) (Orange),Mice,129,492,969,Apple,8.75,784,8/23/2025,orange,125001
"OLED G1 (65"", Yellow frame)",TVs,2499,362,255,LG,,199,3/10/2021,yellow,637245
DeathStalker V2 (Purple),Keyboards,199.99,0,602,Razer,8.7,484,4/16/2022,purple,120393.98
Instinct (Brown),Watches,299.99,368,859,Garmin,8.75,691,9/10/2020,brown,257691.41
Galaxy Watch Active (Green),Watches,199.99,228,190,Samsung,8.5,145,4/14/2024,green,37998.1
DeathAdder V2 (Yellow),Mice,69.99,273,307,Razer,8.75,250,1/27/2021,yellow,21486.93
Fenix 6 (Purple),Watches,599.99,36,924,Garmin,8.75,728,11/9/2024,purple,554390.76
"MatePad T10s (64GB, Yellow)",Tablets,180,0,307,Huawei,7.5,258,4/21/2024,yellow,55260
"Adizero Adios Pro (Yellow, EU 40)",Shoes,220,187,735,Adidas,8.75,569,9/25/2021,yellow,161700
"Elite Active 65t (Wireless, White)",Headphones,99.99,15,17,Jabra,8.5,14,9/30/2025,white,1699.83
"Bravia X95J (50"", Brown frame)",TVs,1399,444,470,Sony,8.7,364,11/16/2020,brown,657530
Orchard Hills TV Stand (Gray),Furniture,185,296,625,Sauder,7.8,493,2/29/2020,gray,115625
"Galaxy Tab S7 (1TB, White)",Tablets,900,424,519,Samsung,8.5,422,2/27/2020,white,467100
Little People School Bus (Red),Toys,19.99,401,631,Fisher-Price,9.25,504,10/21/2023,red,12613.69
"ZenBook Pro Duo 15 (256GB, Brown)",Laptops,2500,0,72,Asus,8.5,52,10/15/2022,brown,180000
Huntsman V2 Analog (Brown),Keyboards,199.99,173,131,Razer,8.5,99,10/7/2025,brown,26198.69
"55PUS8804 (75"", Gray frame)",TVs,1200,373,617,Philips,7.8,490,12/12/2022,gray,740400
"55R635 (75"", Blue frame)",TVs,1299,0,184,TCL,8.75,144,6/20/2020,blue,239016
"HD 800S (Wired, Black)",Headphones,1599,0,669,Sennheiser,9.5,536,5/23/2023,red,1069731
Embody Chair (Red),Furniture,1595,0,691,Herman Miller,9.25,545,11/28/2021,red,1102145
"G5 15 (64GB, White)",Laptops,1200,290,204,Dell,8.5,169,1/16/2021,white,244800
Genesis Mini (Brown),Gaming Consoles,79.99,339,834,Sega,8.75,657,5/28/2025,brown,66711.66
Digital Media Keyboard 3000 (White),Keyboards,49.99,129,460,Microsoft,8.25,361,3/3/2024,white,22995.4
"Yeezy Boost 350 V2 (Purple, EU 46)",Shoes,250,0,632,Adidas,8.75,493,7/13/2023,purple,158000
"QN90A Neo QLED (75"", Purple frame)",TVs,2799,0,625,Samsung,8.75,507,12/14/2025,purple,1749375
"QN90A Neo QLED (75"", Purple frame)",TVs,2799,0,625,Samsung,8.75,498,12/14/2025,purple,1749375
Jaguar (Gray),Gaming Consoles,150,447,388,Atari,7.5,307,9/25/2021,gray,58200
Porter Panel Bed (Purple),Furniture,450,496,513,Ashley Furniture,8.25,411,11/16/2020,purple,230850
"Elite 65t (Wireless, Black)",Headphones,119.99,0,474,Jabra,8.4,388,8/22/2023,black,56875.26
"55PUS8804 (75"", Orange frame)",TVs,1200,196,505,Philips,8.5,413,6/11/2021,orange,606000
Smart Oven Air (Gray),Kitchen,399.95,0,535,Breville,8.75,450,9/8/2023,gray,213973.25
Bjursta Extendable Table (Gray),Furniture,249,208,858,IKEA,8.3,692,10/7/2024,gray,213642
Fenix 7 (Blue),Watches,699.99,58,870,Garmin,9.2,685,7/29/2020,blue,608991.3
"Elite 75t (Wireless, Orange)",Headphones,149.99,0,7,Jabra,8.75,6,6/9/2021,orange,1049.93
Kallax Shelving Unit (Yellow),Furniture,89.99,0,405,IKEA,8.75,323,5/12/2023,yellow,36445.95
"ZBook Firefly 14 (128GB, Black)",Laptops,1250,0,962,HP,8.2,787,4/30/2024,black,1202500
5200 (White),Gaming Consoles,200,0,769,Atari,7.5,607,3/15/2025,white,153800
"Vanish Woven Pants (Yellow, XL)",Clothing,70,217,808,Under Armour,8.6,643,9/23/2025,yellow,56560
"Jersey Dress (Orange, S)",Clothing,29.99,51,428,H&M,8.5,348,11/1/2025,orange,12835.72
"OLED CX (43"", Brown frame)",TVs,999,194,846,LG,9,676,8/30/2020,brown,845154
"MDR-1AM2 (Wireless, Orange)",Headphones,250,170,778,Sony,8.5,633,9/1/2022,orange,194500
Watch SE (Yellow),Watches,279,182,407,Apple,8.75,320,11/22/2022,yellow,113553
"ThinkBook 15 (512GB, Gray)",Laptops,750,332,543,Lenovo,8.5,432,6/13/2024,gray,407250
"Rival Fleece Hoodie (Green, S)",Clothing,55,231,284,Under Armour,,229,1/24/2020,green,15620
Ionic (Orange),Watches,199.95,0,231,Fitbit,8.5,179,10/13/2023,orange,46188.45
Genesis (Orange),Gaming Consoles,60,90,319,Sega,8.5,251,10/27/2021,orange,19140
"Redmi Note 10 (128GB, Gray)",Smartphones,220,6,623,Xiaomi,8.75,487,6/23/2022,red,137060
Cardinal Games Chess (Blue),Toys,25.99,296,188,Spin Master,8.75,144,7/20/2021,blue,4886.12
"QuietComfort 25 (Wireless, Gray)",Headphones,199,0,644,Bose,8.75,522,5/6/2021,gray,128156
Embody Chair (Orange),Furniture,1695,130,439,Herman Miller,9.25,364,11/12/2024,orange,744105
"MacBook Pro 13 (2022) (128GB, Red)",Laptops,1299,231,975,Apple,8.5,784,5/12/2025,red,1266525
"MacBook Pro 13 (2019) (256GB, Red)",Laptops,1299,214,908,Apple,8.5,733,6/22/2022,red,1179492
Chaliene Sofa (Black),Furniture,450,349,748,Ashley Furniture,8.2,592,3/1/2022,black,336600
"iPad Pro 11 (2018) (512GB, Orange)",Tablets,999,3,533,Apple,8.5,426,6/23/2021,orange,532467
G213 Prodigy (Blue),Keyboards,49.99,95,987,Logitech,8.4,798,11/30/2024,blue,49340.13
Twister (Brown),Toys,19.99,26,18,Hasbro,8.5,14,9/2/2021,brown,359.82
"Cali (Orange, EU 46)",Shoes,75,0,52,Puma,8.2,38,7/16/2021,orange,3900
"1080v11 (Green, EU 42)",Shoes,160,373,142,New Balance,8.75,114,5/11/2023,green,22720
"P40 Pro (64GB, Purple)",Smartphones,599,449,244,Huawei,8.5,191,8/6/2024,purple,146156
Watch Series 4 (White),Watches,299,438,140,Apple,8.75,111,12/16/2021,white,41860
"Surface Book 3 (64GB, Orange)",Tablets,1800,0,466,Microsoft,,384,4/18/2022,orange,838800
Instinct (Orange),Watches,299.99,0,418,Garmin,8.75,331,7/18/2022,orange,125395.82
"Galaxy S7 (256GB, Green)",Smartphones,450,0,239,Samsung,7.85,184,2/2/2020,green,107550
"10 Pro (256GB, Brown)",Smartphones,699,0,295,OnePlus,8.5,241,1/29/2024,brown,206205
"AU8000 (43"", White frame)",TVs,349.99,460,135,Samsung,8.5,107,10/29/2024,white,47248.65
Rival 3 (Orange),Mice,29.99,0,932,SteelSeries,8.75,759,3/26/2025,orange,27950.68
Flashback 8 (White),Gaming Consoles,59.99,127,570,Atari,7.5,468,7/4/2025,white,34194.3
"Suede Classic (White, EU 46)",Shoes,65,0,843,Puma,8.5,692,7/22/2024,white,54795
"AirPods Max (Wireless, Yellow)",Headphones,549,333,446,Apple,8.75,352,9/18/2023,yellow,244854
Kallax Shelving Unit (White),Furniture,89.99,78,982,IKEA,8.5,781,11/23/2021,white,88370.18
Magic Trackpad (Gray),Mice,129,55,822,Apple,,635,2/5/2021,gray,106038
"Elite Active 65t (Wired, White)",Headphones,120,499,566,Jabra,8.75,446,10/19/2025,red,67920
"Galaxy Tab A8 (512GB, Green)",Tablets,400,0,636,Samsung,7.8,505,1/21/2025,green,254400
"512 Slim Taper Jeans (White, M)",Clothing,69.5,138,238,Levi's,8.75,190,1/16/2020,white,16541
"Pump Omni Lite (Blue, EU 40)",Shoes,150,0,847,Reebok,8.5,659,4/21/2022,blue,127050
"iPad (2020) (256GB, Red)",Tablets,549,0,994,Apple,,785,6/3/2023,red,545706
Alenya Sofa (White),Furniture,450,0,896,Ashley Furniture,8.25,714,10/10/2021,white,403200
"Galaxy S7 (128GB, Blue)",Smartphones,150,475,264,Samsung,7.5,222,5/5/2025,blue,39600
Versa 3 (Purple),Watches,229.95,0,101,Fitbit,8.5,80,4/12/2020,purple,23224.95
"iPad Air (2019) (128GB, Purple)",Tablets,499,491,864,Apple,8.75,715,8/11/2020,purple,431136
"Ribcage Straight Ankle (Green, L)",Clothing,98,0,963,Levi's,8.75,729,11/14/2021,green,94374
"Surface Pro 8 (64GB, Purple)",Tablets,899,126,947,Microsoft,8.75,750,12/2/2025,purple,851353
Prime Wireless (Black),Mice,139.99,0,809,SteelSeries,9.2,664,6/15/2025,black,113251.91
"QN90A Neo QLED (75"", Yellow frame)",TVs,3499,447,408,Samsung,8.95,329,7/22/2024,yellow,1427592
"HD 560S (Wired, Blue)",Headphones,199.95,0,262,Sennheiser,9.2,215,1/10/2021,red,52386.9
"6-Series R648 (8K) (65"", Green frame)",TVs,2299,376,105,TCL,8.25,82,11/8/2025,green,241395
"Jersey Dress (White, XXL)",Clothing,19.99,150,306,H&M,8.25,246,5/6/2023,white,6116.94
Jaguar (Orange),Gaming Consoles,50,154,725,Atari,6.5,571,11/8/2022,orange,36250
Flashback 8 (Yellow),Gaming Consoles,49.99,441,800,Atari,7.85,649,10/25/2022,yellow,39992
"Yoga Smart Tab (1TB, Red)",Tablets,349.99,118,828,Lenovo,,675,4/6/2025,red,289791.72
"7 Pro (256GB, Blue)",Smartphones,549,318,98,OnePlus,8.75,73,12/14/2021,blue,53802
"VivoBook 15 X512 (64GB, Purple)",Laptops,799,464,845,Asus,8.35,709,8/20/2021,purple,675155
"MacBook Pro 13 (2020) (64GB, Green)",Laptops,1299,308,50,Apple,8.75,43,8/2/2025,green,64950
"MacBook Pro 13 (2020) (128GB, Orange)",Laptops,1299,205,157,Apple,8.75,126,5/10/2023,orange,203943
"Redmi Note 9 (64GB, Purple)",Smartphones,150,75,743,Xiaomi,8.5,582,11/29/2020,red,111450
"Galaxy Tab S5e (256GB, Brown)",Tablets,549,0,947,Samsung,8.5,753,7/17/2024,brown,519903
"iPhone 11 (64GB, Purple)",Smartphones,399,0,92,Apple,8.75,68,7/24/2021,purple,36708
"Faux Leather Biker Jacket (Brown, XS)",Clothing,49.99,0,547,H&M,8.25,448,6/22/2020,brown,27344.53
"Disc Blaze (Blue, EU 44)",Shoes,120,406,612,Puma,8.25,493,12/16/2023,blue,73440
"Galaxy Tab S6 (64GB, Green)",Tablets,449.99,357,594,Samsung,8.5,464,12/20/2025,green,267294.06
"CX 400BT (Wireless, Gray)",Headphones,129.95,0,960,Sennheiser,8.75,778,7/24/2021,gray,124752
"RU7100 (50"", Yellow frame)",TVs,399,460,737,Samsung,8.5,577,1/29/2023,yellow,294063
Huntsman V2 Analog (White),Keyboards,199.99,135,710,Razer,8.65,561,6/6/2025,white,141992.9
Duo Crisp + Air Fryer (Black),Kitchen,149.99,334,265,Instant Pot,8.75,209,2/5/2023,black,39747.35
